@article{Abgrall2014,
    doi           = {10.1155/2014/365432},
    year          = {2014},
    publisher     = {Hindawi Limited},
    volume        = {2014},
    pages         = {1--18},
    author        = {N. Abgrall and E. Aguayo and F. T. Avignone and A. S. Barabash and F. E. Bertrand and M. Boswell and V. Brudanin and M. Busch and A. S. Caldwell and Y.-D. Chan and C. D. Christofferson and D. C. Combs and J. A. Detwiler and P. J. Doe and Yu. Efremenko and V. Egorov and H. Ejiri and S. R. Elliott and J. Esterline and J. E. Fast and P. Finnerty and F. M. Fraenkle and A. Galindo-Uribarri and G. K. Giovanetti and J. Goett and M. P. Green and J. Gruszko and V. E. Guiseppe and K. Gusev and A. L. Hallin and R. Hazama and A. Hegai and R. Henning and E. W. Hoppe and S. Howard and M. A. Howe and K. J. Keeter and M. F. Kidd and A. Knecht and O. Kochetov and S. I. Konovalov and R. T. Kouzes and B. D. LaFerriere and J. Leon and L. E. Leviner and J. C. Loach and P. N. Luke and S. MacMullin and R. D. Martin and S. Mertens and L. Mizouni and M. Nomachi and J. L. Orrell and C. O{\textquotesingle}Shaughnessy and N. R. Overman and David Phillips and A. W. P. Poon and K. Pushkin and D. C. Radford and K. Rielage and R. G. H. Robertson and M. C. Ronquest and A. G. Schubert and B. Shanks and T. Shima and M. Shirchenko and K. J. Snavely and N. Snyder and D. Steele and J. Strain and A. M. Suriano and J. Thompson and V. Timkin and W. Tornow and R. L. Varner and S. Vasilyev and K. Vetter and K. Vorren and B. R. White and J. F. Wilkerson and T. Williams and W. Xu and E. Yakushev and A. R. Young and C.-H. Yu and V. Yumatov},
    collaboration = {Majorana},
    title         = {The {MAJORANA} {DEMONSTRATOR} Neutrinoless Double-Beta Decay Experiment},
    journal       = {Adv. High Energy Phys.},
    eprint        = "1308.1633",
    archivePrefix = "arXiv",
    primaryClass  = "physics",
}

@article{Abgrall2017,
    author        = "Abgrall, N. and others",
    title         = "{The Large Enriched Germanium Experiment for Neutrinoless Double Beta Decay (LEGEND)}",
    booktitle     = "{Proceedings, Matrix Elements for the Double beta decay Experiments (MEDEX'17): Prague, Czech Republic}",
    collaboration = "LEGEND",
    journal       = "AIP Conf. Proc.",
    volume        = "1894",
    year          = "2017",
    number        = "1",
    pages         = "020027",
    doi           = "10.1063/1.5007652",
    eprint        = "1709.01980",
    archivePrefix = "arXiv",
    primaryClass  = "physics.ins-det",
}

@article{Arnaboldi2002,
    author        = "Arnaboldi, C. and others",
    title         = "{CUORE: A Cryogenic underground observatory for rare events}",
    collaboration = "CUORE",
    journal       = "Nucl. Instrum. Meth.",
    volume        = "A518",
    year          = "2004",
    pages         = "775-798",
    doi           = "10.1016/j.nima.2003.07.067",
    eprint        = "hep-ex/0212053",
    archivePrefix = "arXiv",
    primaryClass  = "hep-ex",
}

@article{Artusa2014,
    author         = "Artusa, D. R. and others",
    title          = "{Searching for neutrinoless double-beta decay of $^{130}$Te with CUORE}",
    collaboration  = "CUORE",
    journal        = "Adv. High Energy Phys.",
    volume         = "2015",
    year           = "2015",
    pages          = "879871",
    doi            = "10.1155/2015/879871",
    eprint         = "1402.6072",
    archivePrefix  = "arXiv",
    primaryClass   = "physics.ins-det",
}

@article{Wang2015,
    author        = "Wang, G. and others",
    title         = "{CUPID: CUORE (Cryogenic Underground Observatory for Rare Events) Upgrade with Particle IDentification}",
    collaboration = "CUPID",
    year          = "2015",
    eprint        = "1504.03599",
    archivePrefix = "arXiv",
    primaryClass  = "physics.ins-det",
}

@article{Kim2015,
    author        = "Kim, G. B. and others",
    title         = "{A CaMoO4 Crystal Low Temperature Detector for the AMoRE Neutrinoless Double Beta Decay Search}",
    journal       = "Adv. High Energy Phys.",
    volume        = "2015",
    year          = "2015",
    pages         = "817530",
    doi           = "10.1155/2015/817530",
    eprint        = "1602.07401",
    archivePrefix = "arXiv",
    primaryClass  = "physics.ins-det",
}

@article{Auger2012,
    author        = "Auger, M. and others",
    collaboration = "EXO-200",
    title         = "{The EXO-200 detector, part I: Detector design and construction}",
    journal       = "JINST",
    volume        = "7",
    year          = "2012",
    pages         = "P05010",
    doi           = "10.1088/1748-0221/7/05/P05010",
    eprint        = "1202.2192",
    archivePrefix = "arXiv",
    primaryClass  = "physics.ins-det",
}

@article{Kharusi2018,
    author        = "Kharusi, S. Al and others",
    title         = "{nEXO Pre-Conceptual Design Report}",
    collaboration = "nEXO",
    year          = "2018",
    eprint        = "1805.11142",
    archivePrefix = "arXiv",
    primaryClass  = "physics.ins-det",
}

@article{Lopez-March2017,
    author        = "Lopez-March, N.",
    title         = "{Sensitivity of the NEXT-100 detector to neutrinoless double beta decay}",
    booktitle     = "{Proceedings, 27th International Conference on Neutrino Physics and Astrophysics (Neutrino 2016): London, United Kingdom, July 4-9, 2016}",
    collaboration = "NEXT",
    journal       = "J. Phys. Conf. Ser.",
    volume        = "888",
    year          = "2017",
    number        = "1",
    pages         = "012243",
    doi           = "10.1088/1742-6596/888/1/012243",
    eprint        = "1701.02697",
    archivePrefix = "arXiv",
    primaryClass  = "physics.ins-det",
}

@article{Chen2016,
    author        = "Chen, X. and others",
    title         = "{PandaX-III: Searching for neutrinoless double beta decay with high pressure $^{136}$Xe gas time projection chambers}",
    journal       = "Sci. China Phys. Mech. Astron.",
    volume        = "60",
    year          = "2017",
    number        = "6",
    pages         = "061011",
    doi           = "10.1007/s11433-017-9028-0",
    eprint        = "1610.08883",
    archivePrefix = "arXiv",
    primaryClass  = "physics.ins-det",
}

@article{Akerib2015,
    author        = "Akerib, D. S. and others",
    title         = "{LUX-ZEPLIN (LZ) Conceptual Design Report}",
    collaboration = "LZ",
    year          = "2015",
    eprint        = "1509.02910",
    archivePrefix = "arXiv",
    primaryClass  = "physics.ins-det",
    reportNumber  = "LBNL-190005, FERMILAB-TM-2621-AE-E-PPD",
}

@misc{Aprile2017,
    author       = "Aprile, E.",
    year         = "2017",
    howpublished = "APS April Meeting Abstracts"
}

@article{Aalbers2016,
    author        = "Aalbers, J. and others",
    title         = "{DARWIN: towards the ultimate dark matter detector}",
    collaboration = "DARWIN",
    journal       = "JCAP",
    volume        = "1611",
    year          = "2016",
    pages         = "017",
    doi           = "10.1088/1475-7516/2016/11/017",
    eprint        = "1606.07001",
    archivePrefix = "arXiv",
    primaryClass  = "astro-ph.IM",
}

@article{Gando2016,
    author        = "Gando, A. and others",
    title         = "{Search for Majorana Neutrinos near the Inverted Mass Hierarchy Region with KamLAND-Zen}",
    collaboration = "KamLAND-Zen",
    journal       = "Phys. Rev. Lett.",
    volume        = "117",
    year          = "2016",
    number        = "8",
    pages         = "082503",
    doi           = "10.1103/PhysRevLett.117.082503",
    note          = "[Addendum: Phys. Rev. Lett. 117, no.10, 109903(2016)]",
    eprint        = "1605.02889",
    archivePrefix = "arXiv",
    primaryClass  = "hep-ex",
}

@article{Umehara2015,
    author        = "Umehara, S. and others",
    title         = "{Search for Neutrino-less Double Beta Decay with CANDLES}",
    booktitle     = "{Proceedings, 13th International Conference on Topics in Astroparticle and Underground Physics (TAUP 2013): Asilomar, California, September 8-13, 2013}",
    journal       = "Phys. Procedia",
    volume        = "61",
    year          = "2015",
    pages         = "283-288",
    doi           = "10.1016/j.phpro.2014.12.046",
}

@article{Arnold2004,
    author        = "Arnold, R. and others",
    collaboration = "NEMO-3",
    title         = "{Technical design and performance of the NEMO-3 detector}",
    journal       = "Nucl. Instrum. Meth.",
    volume        = "A536",
    year          = "2005",
    pages         = "79-122",
    doi           = "10.1016/j.nima.2004.07.194",
    eprint        = "physics/0402115",
    archivePrefix = "arXiv",
    primaryClass  = "physics",
    reportNumber  = "LAL-04-05",
}

@article{Arnold2010,
    author        = "Arnold, R. and others",
    title         = "{Probing New Physics Models of Neutrinoless Double Beta Decay with SuperNEMO}",
    collaboration = "SuperNEMO",
    journal       = "Eur. Phys. J.",
    volume        = "C70",
    year          = "2010",
    pages         = "927-943",
    doi           = "10.1140/epjc/s10052-010-1481-5",
    eprint        = "1005.1241",
    archivePrefix = "arXiv",
    primaryClass  = "hep-ex",
    reportNumber  = "MAN-HEP-2010-2",
}
