@article{Boswell2011,
    author        = "Boswell, M. and others",
    archivePrefix = "arXiv",
    doi           = "10.1109/TNS.2011.2144619",
    eprint        = "1011.3827",
    journal       = "IEEE Trans.\ Nucl.\ Sci.",
    pages         = "1212--1220",
    primaryClass  = "nucl-ex",
    title         = {{\textsc{MaGe} -- a \textsc{Geant4}-Based Monte Carlo Application Framework for Low-Background Germanium Experiments}},
    volume        = "58",
    year          = "2011"
}

@article{Agostinelli2002,
    author        = "Agostinelli, S. and others",
    collaboration = "Geant4",
    doi           = "10.1016/S0168-9002(03)01368-8",
    journal       = "Nucl.\ Instrum.\ Meth.\ A",
    pages         = "250--303",
    reportNumber  = "SLAC-PUB-9350, FERMILAB-PUB-03-339",
    title         = {{\textsc{Geant4}: a simulation toolkit}},
    volume        = "506",
    year          = "2003"
}

@article{Allison2006,
    author       = {Allison, J. and others},
    year         = {2006},
    doi          = {10.1109/TNS.2006.869826},
    journal      = {IEEE T. Nucl. Sci.},
    number       = {1},
    pages        = {270--278},
    reportNumber = "SLAC-PUB-11870",
    title        = {\textsc{Geant4} developments and applications},
    volume       = {53}
}

@article{Allison2016,
    title        = {Recent developments in \textsc{Geant4}},
    journal      = {Nucl. Instrum. Meth. A},
    volume       = {835},
    pages        = {186--225},
    reportNumber = "FERMILAB-PUB-16-447-CD",
    year         = {2016},
    doi          = {10.1016/j.nima.2016.06.125},
    url          = {http://www.sciencedirect.com/science/article/pii/S0168900216306957},
    author       = {Allison, J. and others}
}

@article{Ponkratenko2000,
    author        = "Ponkratenko, O.A. and Tretyak, V.I. and Zdesenko, Yu.G.",
    archivePrefix = "arXiv",
    doi           = "10.1134/1.855784",
    eprint        = "nucl-ex/0104018",
    journal       = "Phys.\ Atom.\ Nucl.",
    pages         = "1282--1287",
    title         = "{The Event generator DECAY4 for simulation of double beta processes and decay of radioactive nuclei}",
    volume        = "63",
    year          = "2000"
}
