@article{GoeppertMayer1935,
    title     = {Double Beta-Disintegration},
    author    = {Goeppert-Mayer, M.},
    journal   = {Phys.~Rev.},
    volume    = {48},
    issue     = {6},
    pages     = {512--516},
    numpages  = {0},
    year      = {1935},
    publisher = {American Physical Society},
    doi       = {10.1103/PhysRev.48.512},
    url       = {https://link.aps.org/doi/10.1103/PhysRev.48.512}
}

@book{Giunti2007,
    author    = "Giunti, C. and Kim, Chung W.",
    title     = "{Fundamentals of Neutrino Physics and Astrophysics}",
    publisher = "Oxford University Press",
    year      = "2007",
    ISBN      = "9780198508717"
}

@article{Tomoda1991,
    author  = {Tomoda, T.},
    title   = {Double beta decay},
    journal = {Rep. Prog. Phys.},
    volume  = {54},
    number  = {1},
    pages   = {53},
    doi     = {10.1088/0034-4885/54/1/002},
    url     = {http://stacks.iop.org/0034-4885/54/i=1/a=002},
    year    = {1991},
}

@article{Haxton1985,
    author  = "Haxton, W. C. and Stephenson, G.~J.",
    title   = "{Double beta Decay}",
    journal = "Prog. Part. Nucl. Phys.",
    volume  = "12",
    year    = "1984",
    pages   = "409--479",
    doi     = "10.1016/0146-6410(84)90006-1"
}

@article{Doi1981,
    author  = {Doi, M. and Kotani, T. and Nishiura, H. and Okuda, K. and Takasugi, E.},
    title   = {Neutrino Mass, the Right-Handed Interaction and the Double Beta Decay. Formalism},
    journal = {Prog. Theor. Phys.},
    volume  = {66},
    number  = {5},
    pages   = {1739},
    year    = {1981},
    doi     = {10.1143/PTP.66.1739},
}
@article{Doi1983,
    author  = {Doi, M. and Kotani, T. and Nishiura, H. and Takasugi, E.},
    title   = {Double Beta Decay},
    journal = {Prog. Theor. Phys.},
    volume  = {69},
    number  = {2},
    pages   = {602},
    year    = {1983},
    doi     = {10.1143/PTP.69.602},
    URL     = {http://dx.doi.org/10.1143/PTP.69.602},
    eprint  = {/oup/backfile/content_public/journal/ptp/69/2/10.1143/ptp.69.602/2/69-2-602.pdf}
}

@article{Primakoff1959,
    author  = {Primakoff, H. and Rosen, S. P.},
    title   = {Double beta decay},
    journal = {Rep. Prog. Phys.},
    volume  = {22},
    number  = {1},
    pages   = {121},
    doi     = {10.1088/0034-4885/22/1/305},
    url     = {http://stacks.iop.org/0034-4885/22/i=1/a=305},
    year    = {1959},
}

@article{Furry1939,
    title     = {On Transition Probabilities in Double Beta-Disintegration},
    author    = {Furry, W. H.},
    journal   = {Phys. Rev.},
    volume    = {56},
    issue     = {12},
    pages     = {1184--1193},
    numpages  = {0},
    year      = {1939},
    publisher = {American Physical Society},
    doi       = {10.1103/PhysRev.56.1184},
    url       = {https://link.aps.org/doi/10.1103/PhysRev.56.1184}
}

@article{Majorana1932,
    author  = "Majorana, E.",
    title   = "Teoria Relativistica di Particelle Con Momento Intrinseco Arbitrario",
    journal = "Il Nuovo Cimento",
    year    = "1932",
    volume  = "9",
    number  = "10",
    pages   = "335--344",
    issn    = "1827-6121",
    doi     = "10.1007/BF02959557",
    url     = "http://dx.doi.org/10.1007/BF02959557"
}

@article{Rodejohann2011,
    author         = "Rodejohann, W.",
    title          = "{Neutrino-less Double Beta Decay and Particle Physics}",
    journal        = "Int. J. Mod. Phys.",
    volume         = "E20",
    year           = "2011",
    pages          = "1833--1930",
    doi            = "10.1142/S0218301311020186",
    eprint         = "1106.1334",
    archivePrefix  = "arXiv",
    primaryClass   = "hep-ph",
}

@article{Tretyak1995,
    title   = "Tables of double beta decay data",
    journal = "Atomic Data and Nuclear Data Tables",
    volume  = "61",
    number  = "1",
    pages   = "43--90",
    year    = "1995",
    issn    = "0092-640X",
    doi     = "https://doi.org/10.1016/S0092-640X(95)90011-X",
    url     = "http://www.sciencedirect.com/science/article/pii/S0092640X9590011X",
    author  = "V.I. Tretyak and Yu.G. Zdesenko",
}

@article{Tretyak2002,
    title   = "Tables of double beta decay data --- an update",
    journal = "Atomic Data and Nuclear Data Tables",
    volume  = "80",
    number  = "1",
    pages   = "83--116",
    year    = "2002",
    issn    = "0092-640X",
    doi     = "https://doi.org/10.1006/adnd.2001.0873",
    url     = "http://www.sciencedirect.com/science/article/pii/S0092640X01908733",
    author  = "V.I. Tretyak and Yu.G. Zdesenko",
}

@article{Schechter1982,
    title     = {Neutrinoless double-$\beta$ decay in $SU(2) \times U(1)$ theories},
    author    = {Schechter, J. and Valle, J. W. F.},
    journal   = {Phys. Rev. D},
    volume    = {25},
    issue     = {11},
    pages     = {2951--2954},
    numpages  = {0},
    year      = {1982},
    publisher = {American Physical Society},
    doi       = {10.1103/PhysRevD.25.2951},
    url       = {https://link.aps.org/doi/10.1103/PhysRevD.25.2951}
}

@article{Dolinski2019,
    doi       = {10.1146/annurev-nucl-101918-023407},
    url       = {https://doi.org/10.1146/annurev-nucl-101918-023407},
    year      = {2019},
    publisher = {Annual Reviews},
    volume    = {69},
    number    = {1},
    pages     = {219--251},
    author    = {Dolinski, Michelle J. and Poon, Alan W.P. and Rodejohann, Werner},
    title     = {Neutrinoless Double-Beta Decay: Status and Prospects},
    journal   = {Annual Review of Nuclear and Particle Science}
}

@article{Engel2017,
    doi       = {10.1088/1361-6633/aa5bc5},
    year      = {2017},
    publisher = {{IOP} Publishing},
    volume    = {80},
    number    = {4},
    pages     = {046301},
    author    = {Jonathan Engel and Javier Men{\'{e}}ndez},
    title     = {Status and future of nuclear matrix elements for neutrinoless double-beta decay: a review},
    journal   = {Reports on Progress in Physics}
}

@article{Suhonen2017,
    author   = "Suhonen, Jouni T.",
    title    = "{Value of the Axial-Vector Coupling Strength in $\beta$ and $\beta\beta$ Decays: A Review}",
    journal  = "Front.in Phys.",
    volume   = "5",
    year     = "2017",
    pages    = "55",
    doi      = "10.3389/fphy.2017.00055",
}

@article{Gando2019,
    doi       = {10.1103/physrevlett.122.192501},
    year      = {2019},
    publisher = {American Physical Society ({APS})},
    volume    = {122},
    number    = {19},
    author    = {Gando, A. and others},
    title     = {Precision Analysis of the $^136$Xe Two-Neutrino $\beta\beta$ Spectrum in {KamLAND}-Zen and Its Impact on the Quenching of Nuclear Matrix Elements},
    journal   = {Physical Review Letters}
}

@article{Kotila2012,
    doi       = {10.1103/physrevc.85.034316},
    year      = {2012},
    publisher = {American Physical Society ({APS})},
    volume    = {85},
    number    = {3},
    author    = {J. Kotila and F. Iachello},
    title     = {Phase-space factors for double-$\beta$ decay},
    journal   = {Physical Review C}
}

@article{Stoica2013,
    doi       = {10.1103/physrevc.88.037303},
    year      = {2013},
    publisher = {American Physical Society ({APS})},
    volume    = {88},
    number    = {3},
    author    = {Stoica, S. and Mirea, M.},
    title     = {New calculations for phase space factors involved in double-$\beta$ decay},
    journal   = {Physical Review C}
}
