@article{Klapdor2001,
    author         = "Klapdor-Kleingrothaus, H. V. and others",
    title          = "{Latest results from the Heidelberg-Moscow double beta decay experiment}",
    booktitle      = "{Proceedings, 3rd International Heidelberg Conference on Dark matter in astro- and particle-physics (DARK 2000): Heidelberg, Germany, July 10-14, 2000}",
    journal        = "Eur.~Phys.~J.",
    volume         = "A12",
    year           = "2001",
    pages          = "147--154",
    doi            = "10.1007/s100500170022",
    eprint         = "hep-ph/0103062",
    archivePrefix  = "arXiv",
    primaryClass   = "hep-ph",
}

@article{Aalseth2002,
    title         = {\textsc{Igex} ${}^{76}\mathrm{Ge}$ neutrinoless double-beta decay experiment: Prospects for next generation experiments},
    author        = {Aalseth, C.~E. and others},
    collaboration = {IGEX},
    journal       = {Phys.~Rev.~D},
    volume        = {65},
    issue         = {9},
    pages         = {092007},
    numpages      = {6},
    year          = {2002},
    publisher     = {American Physical Society},
    doi           = {10.1103/PhysRevD.65.092007},
    archivePrefix = {arXiv},
    eprint        = {hep-ex/0202026},
    primaryClass  = {hep-ex},
}

@article{Klapdor2004,
    author         = "Klapdor-Kleingrothaus, H.~V. and Krivosheina, I.~V. and Dietz, A. and Chkvorets, O.",
    title          = "{Search for neutrinoless double beta decay with enriched Ge-76 in Gran Sasso 1990-2003}",
    journal        = "Phys.~Lett.",
    volume         = "B586",
    year           = "2004",
    pages          = "198--212",
    doi            = "10.1016/j.physletb.2004.02.025",
    eprint         = "hep-ph/0404088",
    archivePrefix  = "arXiv",
    primaryClass   = "hep-ph",
}

@incollection{Yonenaga2019,
    title     = "Germanium crystals",
    editor    = "Roberto Fornari",
    booktitle = "Single Crystals of Electronic Materials",
    publisher = "Woodhead Publishing",
    pages     = "89--127",
    year      = "2019",
    series    = "Woodhead Publishing Series in Electronic and Optical Materials",
    isbn      = "978-0-08-102096-8",
    doi       = "10.1016/B978-0-08-102096-8.00004-5",
    author    = "Ichiro Yonenaga",
}

@article{Heusser1995,
    author  = {Heusser, G},
    title   = {Low-Radioactivity Background Techniques},
    journal = {Annu. Rev. Nucl. Part. S.},
    volume  = {45},
    number  = {1},
    pages   = {543},
    year    = {1995},
    doi     = {10.1146/annurev.ns.45.120195.002551},
}
