%%%%%%%%%%%%%
%%% GERDA %%%
%%%%%%%%%%%%%

@article {Agostini2019,
  author    = {{\gerda\ collaboration, M. Agostini et al.}},
  title     = {{Probing Majorana neutrinos with double-$\beta$ decay}},
  volume    = {365},
  number    = {6460},
  pages     = {1445--1448},
  year      = {2019},
  doi       = {10.1126/science.aav8613},
  publisher = {American Association for the Advancement of Science},
  issn      = {0036-8075},
  URL       = {https://science.sciencemag.org/content/365/6460/1445},
  journal   = {Science}
}
author = {Agostini, M. and Bakalyarov, A. M. and Balata, M. and Barabanov, I. and Baudis, L. and Bauer, C. and Bellotti, E. and Belogurov, S. and Bettini, A. and Bezrukov, L. and Borowicz, D. and Brudanin, V. and Brugnera, R. and Caldwell, A. and Cattadori, C. and Chernogorov, A. and Comellato, T. and D{\textquoteright}Andrea, V. and Demidova, E. V. and Di Marco, N. and Domula, A. and Doroshkevich, E. and Egorov, V. and Falkenstein, R. and Fomina, M. and Gangapshev, A. and Garfagnini, A. and Giordano, M. and Grabmayr, P. and Gurentsov, V. and Gusev, K. and Hakenm{\"u}ller, J. and Hegai, A. and Heisel, M. and Hemmer, S. and Hiller, R. and Hofmann, W. and Hult, M. and Inzhechik, L. V. and Janicsk{\'o} Cs{\'a}thy, J. and Jochum, J. and Junker, M. and Kazalov, V. and Kerma{\"\i}dic, Y. and Kihm, T. and Kirpichnikov, I. V. and Kirsch, A. and Kish, A. and Klimenko, A. and Knei{\ss}l, R. and Kn{\"o}pfle, K. T. and Kochetov, O. and Kornoukhov, V. N. and Krause, P. and Kuzminov, V. V. and Laubenstein, M. and Lazzaro, A. and Lindner, M. and Lippi, I. and Lubashevskiy, A. and Lubsandorzhiev, B. and Lutter, G. and Macolino, C. and Majorovits, B. and Maneschg, W. and Miloradovic, M. and Mingazheva, R. and Misiaszek, M. and Moseev, P. and Nemchenok, I. and Panas, K. and Pandola, L. and Pelczar, K. and Pertoldi, L. and Piseri, P. and Pullia, A. and Ransom, C. and Riboldi, S. and Rumyantseva, N. and Sada, C. and Sala, E. and Salamida, F. and Schmitt, C. and Schneider, B. and Sch{\"o}nert, S. and Sch{\"u}tz, A.-K. and Schulz, O. and Schwarz, M. and Schwingenheuer, B. and Selivanenko, O. and Shevchik, E. and Shirchenko, M. and Simgen, H. and Smolnikov, A. and Stanco, L. and Stukov, D. and Vanhoefer, L. and Vasenko, A. A. and Veresnikova, A. and von Sturm, K. and Wagner, V. and Wegmann, A. and Wester, T. and Wiesinger, C. and Wojcik, M. and Yanovich, E. and Zhitnikov, I. and Zhukov, S. V. and Zinatulina, D. and Zschocke, A. and Zsigmond, A. J. and Zuber, K. and Zuzel, G. and ,},
eprint = {arXiv:1909.02726},

@article{GERDAcollaboration2019,
  author  = {{\gerda\ collaboration, M. Agostini et al.}},
  eprint  = {arXiv:1901.06590},
  title   = {{Characterization of 30 $^{76}$Ge enriched Broad Energy Ge detectors for \gerda\ Phase II}},
  journal = {Eur. Phys. J. C},
  pages   = {accepted, to appear},
  url     = {http://arxiv.org/abs/1901.06590},
  year    = {2019}
}
author        = {Agostini, M. and Bakalyarov, A. M. and Andreotti, E. and Balata, M. and Barabanov, I. and Baudis, L. and Barros, N. and Bauer, C. and Bellotti, E. and Belogurov, S. and Benato, G. and Bettini, A. and Bezrukov, L. and Bode, T. and Borowicz, D. and Brudanin, V. and Brugnera, R. and Budj{\'{a}}{\v{s}}, D. and Caldwell, A. and Cattadori, C. and Chernogorov, A. and D'Andrea, V. and Demidova, E. V. and {Di Marco}, N. and Domula, A. and Doroshkevich, E. and Egorov, V. and Falkenstein, R. and Freund, K. and Gangapshev, A. and Garfagnini, A. and Gooch, C. and Grabmayr, P. and Gurentsov, V. and Gusev, K. and Hakenm{\"{u}}ller, J. and Hegai, A. and Heisel, M. and Hemmer, S. and Hiller, R. and Hofmann, W. and Hult, M. and Inzhechik, L. V. and Cs{\'{a}}thy, J. Janicsk{\'{o}} and Jochum, J. and Junker, M. and Kazalov, V. and Kermaidic, Y. and Kihm, T. and Kirpichnikov, I. V. and Kirsch, A. and Kish, A. and Klimenko, A. and Knei{\ss}l, R. and Kn{\"{o}}pfle, K. T. and Kochetov, O. and Kornoukhov, V. N. and Kuzminov, V. V. and Laubenstein, M. and Lazzaro, A. and Lehnert, B. and Liao, Y. and Lindner, M. and Lippi, I. and Lubashevskiy, A. and Lubsandorzhiev, B. and Lutter, G. and Macolino, C. and Majorovits, B. and Maneschg, W. and Miloradovic, M. and Mingazheva, R. and Misiaszek, M. and Moseev, P. and Nemchenok, I. and Panas, K. and Pandola, L. and Pelczar, K. and Pullia, A. and Ransom, C. and Riboldi, S. and Rumyantseva, N. and Sada, C. and Salamida, F. and Salathe, M. and Schmitt, C. and Schneider, B. and Sch{\"{o}}nert, S. and Sch{\"{u}}tz, A-K. and Schulz, O. and Schwingenheuer, B. and Selivanenko, O. and Shevchik, E. and Shirchenko, M. and Simgen, H. and Smolnikov, A. and Stanco, L. and Ur, C. A. and Vanhoefer, L. and Vasenko, A. A. and Veresnikova, A. and von Sturm, K. and Wagner, V. and Wegmann, A. and Wester, T. and Wiesinger, C. and Wojcik, M. and Yanovich, E. and Zhitnikov, I. and Zhukov, S. V. and Zinatulina, D. and Zsigmond, A. J. and Zuber, K. and Zuzel, G.},

@article{Agostini2018a,
  author     = {{\gerda\ collaboration, M. Agostini et al.}},
  authortype = {\gerda\ collaboration},
  publisher  = {Springer Berlin Heidelberg},
  url        = {http://link.springer.com/10.1140/epjc/s10052-018-5812-2},
  year       = {2018},
  doi        = {10.1140/epjc/s10052-018-5812-2},
  journal    = {Eur. Phys. J. C},
  number     = {5},
  pages      = {388},
  title      = {{Upgrade for Phase II of the \gerda\ experiment}},
  volume     = {78}
}
author = {Agostini, M. and Bakalyarov, A. M. and Balata, M. and Barabanov, I. and Baudis, L. and Bauer, C. and Bellotti, E. and Belogurov, S. and Belyaev, S. T. and Benato, G. and Bettini, A. and Bezrukov, L. and Bode, T. and Borowicz, D. and Brudanin, V. and Brugnera, R. and Caldwell, A. and Cattadori, C. and Chernogorov, A. and D'Andrea, V. and Demidova, E. V. and {Di Marco}, N. and Domula, A. and Doroshkevich, E. and Egorov, V. and Falkenstein, R. and Frodyma, N. and Gangapshev, A. and Garfagnini, A. and Grabmayr, P. and Gurentsov, V. and Gusev, K. and Hakenmüller, J. and Hegai, A. and Heisel, M. and Hemmer, S. and Hiller, R. and Hofmann, W. and Hult, M. and Inzhechik, L. V. and Ioannucci, L. and {Janicskó Csáthy}, J. and Jochum, J. and Junker, M. and Kazalov, V. and Kermaïdic, Y. and Kihm, T. and Kirpichnikov, I. V. and Kirsch, A. and Kish, A. and Klimenko, A. and Knei{ß}l, R. and Knöpfle, K. T. and Kochetov, O. and Kornoukhov, V. N. and Kuzminov, V. V. and Laubenstein, M. and Lazzaro, A. and Lebedev, V. I. and Lehnert, B. and Lindner, M. and Lippi, I. and Lubashevskiy, A. and Lubsandorzhiev, B. and Lutter, G. and Macolino, C. and Majorovits, B. and Maneschg, W. and Medinaceli, E. and Miloradovic, M. and Mingazheva, R. and Misiaszek, M. and Moseev, P. and Nemchenok, I. and Nisi, S. and Panas, K. and Pandola, L. and Pelczar, K. and Pullia, A. and Ransom, C. and Riboldi, S. and Rumyantseva, N. and Sada, C. and Salamida, F. and Salathe, M. and Schmitt, C. and Schneider, B. and Schönert, S. and Schreiner, J. and Schütz, A-K. and Schulz, O. and Schwingenheuer, B. and Selivanenko, O. and Shevchik, E. and Shirchenko, M. and Simgen, H. and Smolnikov, A. and Stanco, L. and Vanhoefer, L. and Vasenko, A. A. and Veresnikova, A. and von Sturm, K. and Wagner, V. and Wegmann, A. and Wester, T. and Wiesinger, C. and Wojcik, M. and Yanovich, E. and Zhitnikov, I. and Zhukov, S. V. and Zinatulina, D. and Zsigmond, A. J. and Zuber, K. and Zuzel, G. and Zuzel, G.},
eprint = {arXiv:1711.01452},

@article{Agostini2018,
  author       = {{\gerda\ collaboration, M. Agostini et al.}},
  authortype   = {\gerda\ collaboration},
  publisher    = {American Physical Society},
  url          = {https://link.aps.org/doi/10.1103/PhysRevLett.120.132503},
  year         = {2018},
  doi          = {10.1103/PhysRevLett.120.132503},
  eprint       = {arXiv:1803.11100},
  journal      = {Phys. Rev. Lett.},
  number       = {13},
  pages        = {132503},
  title        = {{Improved Limit on Neutrinoless Double-$\beta$ Decay of $^{76}$Ge from \gerda\ Phase II}},
  volume       = {120}
}
author       = {Agostini, M. and Bakalyarov, A. M. and Balata, M. and Barabanov, I. and Baudis, L. and Bauer, C. and Bellotti, E. and Belogurov, S. and Bettini, A. and Bezrukov, L. and Biernat, J. and Bode, T. and Borowicz, D. and Brudanin, V. and Brugnera, R. and Caldwell, A. and Cattadori, C. and Chernogorov, A. and Comellato, T. and D'Andrea, V. and Demidova, E. V. and {Di Marco}, N. and Domula, A. and Doroshkevich, E. and Egorov, V. and Falkenstein, R. and Gangapshev, A. and Garfagnini, A. and Grabmayr, P. and Gurentsov, V. and Gusev, K. and Hakenmüller, J. and Hegai, A. and Heisel, M. and Hemmer, S. and Hiller, R. and Hofmann, W. and Hult, M. and Inzhechik, L. V. and {Janicskó Csáthy}, J. and Jochum, J. and Junker, M. and Kazalov, V. and Kermaidic, Y. and Kihm, T. and Kirpichnikov, I. V. and Kirsch, A. and Kish, A. and Klimenko, A. and Knei{ß}l, R. and Knöpfle, K. T. and Kochetov, O. and Kornoukhov, V. N. and Kuzminov, V. V. and Laubenstein, M. and Lazzaro, A. and Lindner, M. and Lippi, I. and Lubashevskiy, A. and Lubsandorzhiev, B. and Lutter, G. and Macolino, C. and Majorovits, B. and Maneschg, W. and Miloradovic, M. and Mingazheva, R. and Misiaszek, M. and Moseev, P. and Nemchenok, I. and Panas, K. and Pandola, L. and Pelczar, K. and Pertoldi, L. and Pullia, A. and Ransom, C. and Riboldi, S. and Rumyantseva, N. and Sada, C. and Salamida, F. and Schmitt, C. and Schneider, B. and Schönert, S. and Schütz, A-K. and Schulz, O. and Schwingenheuer, B. and Selivanenko, O. and Shevchik, E. and Shirchenko, M. and Simgen, H. and Smolnikov, A. and Stanco, L. and Vanhoefer, L. and Vasenko, A. A. and Veresnikova, A. and von Sturm, K. and Wagner, V. and Wegmann, A. and Wester, T. and Wiesinger, C. and Wojcik, M. and Yanovich, E. and Zhitnikov, I. and Zhukov, S. V. and Zinatulina, D. and Zschocke, A. and Zsigmond, A. J. and Zuber, K. and Zuzel, G.},

@article{Agostini2018b,
  author       = {Agostini, M. and Bakalyarov, A. M. and Balata, M. and Barabanov, I. and Baudis, L. and Bauer, C. and Bellotti, E. and Belogurov, S. and Bettini, A. and Bezrukov, L. and Biernat, J. and Bode, T. and Borowicz, D. and Brudanin, V. and Brugnera, R. and Caldwell, A. and Cattadori, C. and Chernogorov, A. and Comellato, T. and D'Andrea, V. and Demidova, E. V. and {Di Marco}, N. and Domula, A. and Doroshkevich, E. and Egorov, V. and Gangapshev, A. and Garfagnini, A. and Giordano, M. and Grabmayr, P. and Gurentsov, V. and Gusev, K. and Hakenmüller, J. and Heisel, M. and Hemmer, S. and Hiller, R. and Hofmann, W. and Hult, M. and Inzhechik, L. V. and {Janicskó Csáthy}, J. and Jochum, J. and Junker, M. and Kazalov, V. and Kermaidic, Y. and Kihm, T. and Kirpichnikov, I. V. and Kirsch, A. and Klimenko, A. and Knei{ß}l, R. and Knöpfle, K. T. and Kochetov, O. and Kornoukhov, V. N. and Kuzminov, V. V. and Laubenstein, M. and Lazzaro, A. and Lindner, M. and Lippi, I. and Lubashevskiy, A. and Lubsandorzhiev, B. and Lutter, G. and Macolino, C. and Majorovits, B. and Maneschg, W. and Miloradovic, M. and Mingazheva, R. and Misiaszek, M. and Moseev, P. and Nemchenok, I. and Panas, K. and Pandola, L. and Pelczar, K. and Pertoldi, L. and Pullia, A. and Ransom, C. and Riboldi, S. and Rumyantseva, N. and Sada, C. and Salamida, F. and Schneider, B. and Schönert, S. and Schreiner, J. and Schütz, A.-K. and Schulz, O. and Schwingenheuer, B. and Selivanenko, O. and Shevchik, E. and Shirchenko, M. and Simgen, H. and Smolnikov, A. and Stanco, L. and Vanhoefer, L. and Vasenko, A. A. and Veresnikova, A. and von Sturm, K. and Wagner, V. and Wegmann, A. and Wester, T. and Wiesinger, C. and Wojcik, M. and Yanovich, E. and Zhitnikov, I. and Zhukov, S. V. and Zinatulina, D. and Zschocke, A. and Zsigmond, A. J. and Zuber, K. and Zuzel, G. and Zuzel, G.},
  publisher    = {World Scientific Publishing Company},
  url          = {https://www.worldscientific.com/doi/abs/10.1142/S0217751X18430042},
  year         = {2018},
  doi          = {10.1142/S0217751X18430042},
  journal      = {Int. J. Mod. Phys. A},
  keywords     = {Majorana mass,Neutrinoless double beta decay,lepton number violation},
  number       = {09},
  pages        = {1843004},
  title        = {{\gerda\ results and the future perspectives for the neutrinoless double beta decay search using $^{76}$Ge}},
  volume       = {33}
}

@article{Agostini2018c,
  author       = {Agostini, M. and Bakalyarov, A.M. and Balata, M. and Barabanov, I. and Baudis, L. and Bauer, C. and Bellotti, E. and Belogurov, S. and Bettini, A. and Bezrukov, L. and Bode, T. and Brudanin, V. and Brugnera, R. and Caldwell, A. and Cattadori, C. and Chernogorov, A. and Comellato, T. and D'Andrea, V. and Demidova, E.V. and {Di Marco}, N. and Domula, A. and Doroshkevich, E. and Egorov, V. and Falkenstein, R. and Gangapshev, A. and Garfagnini, A. and Giordano, M. and Gooch, C. and Grabmayr, P. and Gurentsov, V. and Gusev, K. and Hahne, C. and Hakenmüller, J. and Hegai, A. and Heisel, M. and Hemmer, S. and Hiller, R. and Hofmann, W. and Holl, P. and Hult, M. and Inzhechik, L.V. and Ioannucci, L. and Csáthy, J. Janicskó and Jochum, J. and Junker, M. and Kazalov, V. and Kermaidic, Y. and Kihm, T. and Kirpichnikov, I.V. and Kirsch, A. and Kish, A. and Klimenko, A. and Knei{ß}l, R. and Knöpfle, K.T. and Kochetov, O. and Kornoukhov, V.N. and Kuzminov, V.V. and Laubenstein, M. and Lazzaro, A. and Lindner, M. and Lippi, I. and Lubashevskiy, A. and Lubsandorzhiev, B. and Lutter, G. and Macolino, C. and Majorovits, B. and Maneschg, W. and Marissens, G. and Miloradovic, M. and Mingazheva, R. and Misiaszek, M. and Moseev, P. and Nemchenok, I. and Nisi, S. and Panas, K. and Pandola, L. and Pelczar, K. and Pullia, A. and Ransom, C. and Reissfelder, M. and Riboldi, S. and Rumyantseva, N. and Sada, C. and Sala, E. and Salamida, F. and Schmitt, C. and Schneider, B. and Schreiner, J. and Schulz, O. and Schweisshelm, B. and Schwingenheuer, B. and Schönert, S. and Schütz, A-K. and Seitz, H. and Selivanenko, O. and Shevchik, E. and Shirchenko, M. and Simgen, H. and Smolnikov, A. and Stanco, L. and Vanhoefer, L. and Vasenko, A.A. and Veresnikova, A. and von Sturm, K. and Wagner, V. and Wegmann, A. and Wester, T. and Wiesinger, C. and Wojcik, M. and Yanovich, E. and Zhitnikov, I. and Zhukov, S.V. and Zinatulina, D. and Zschocke, A. and Zsigmond, A.J. and Zuber, K. and Zuzel, G.},
  publisher    = {World Scientific Publishing Company},
  url          = {https://www.worldscientific.com/doi/abs/10.1142/S2010194518600406},
  year         = {2018},
  doi          = {10.1142/S2010194518600406},
  journal      = {Int. J. Mod. Phys. Conf. Ser.},
  keywords     = {76Ge,Neutrinoless double beta decay},
  pages        = {1860040},
  title        = {{Searching Neutrinoless Double Beta Decay with \gerda\ Phase II}},
  volume       = {46}
}

@article{Domula2018,
  author       = {Domula, A. and Hult, M. and Kermaïdic, Y. and Marissens, G. and Schwingenheuer, B. and Wester, T. and Zuber, K.},
  publisher    = {North-Holland},
  url          = {https://www.sciencedirect.com/science/article/pii/S0168900218302122?via%7B%5C%%7D3Dihub},
  year         = {2018},
  doi          = {10.1016/J.NIMA.2018.02.056},
  journal      = {Nucl. Instrum. Meth. A},
  pages        = {106--110},
  title        = {{Pulse shape discrimination performance of inverted coaxial Ge detectors}},
  volume       = {891}
}

@article{Lubashevskiy2018,
  author       = {Lubashevskiy, A. and Agostini, M. and Budjáš, D. and Gangapshev, A. and Gusev, K. and Heisel, M. and Klimenko, A. and Lazzaro, A. and Lehnert, B. and Pelczar, K. and Schönert, S. and Smolnikov, A. and Walter, M. and Zuzel, G.},
  publisher    = {Springer Berlin Heidelberg},
  url          = {http://link.springer.com/10.1140/epjc/s10052-017-5499-9},
  year         = {2018},
  doi          = {10.1140/epjc/s10052-017-5499-9},
  journal      = {Eur. Phys. J. C},
  number       = {1},
  pages        = {15},
  title        = {{Mitigation of $^{42}$Ar/$^{42}$K background for the \gerda\ Phase II experiment}},
  volume       = {78}
}
eprint       = {arXiv:1708.00226},

@article{Wiesinger2018,
  author       = {Wiesinger, Christoph and Pandola, Luciano and Schönert, Stefan},
  publisher    = {Springer Berlin Heidelberg},
  url          = {http://link.springer.com/10.1140/epjc/s10052-018-6079-3},
  year         = {2018},
  doi          = {10.1140/epjc/s10052-018-6079-3},
  journal      = {Eur. Phys. J. C},
  number       = {7},
  pages        = {597},
  title        = {{Virtual depth by active background suppression: revisiting the cosmic muon induced background of \gerda\ Phase II}},
  volume       = {78}
}
eprint       = {arXiv:1802.05040 },

@article{Agostini2017,
  author       = {{\gerda\ collaboration, M. Agostini et al.}},
  publisher    = {Nature Publishing Group},
  url          = {http://www.nature.com/doifinder/10.1038/nature21717},
  year         = {2017},
  doi          = {10.1038/nature21717},
  journal      = {Nature},
  keywords     = {Experimental nuclear physics,Experimental particle physics},
  number       = {7648},
  pages        = {47--52},
  title        = {{Background-free search for neutrinoless double-$\beta$ decay of $^{76}$Ge with \gerda}},
  volume       = {544}
}
author = {Agostini, M. and Allardt, M. and Bakalyarov, A. M. and Balata, M. and Barabanov, I. and Baudis, L. and Bauer, C. and Bellotti, E. and Belogurov, S. and Belyaev, S. T. and Benato, G. and Bettini, A. and Bezrukov, L. and Bode, T. and Borowicz, D. and Brudanin, V. and Brugnera, R. and Caldwell, A. and Cattadori, C. and Chernogorov, A. and D'Andrea, V. and Demidova, E. V. and {Di Marco}, N. and di Vacri, A. and Domula, A. and Doroshkevich, E. and Egorov, V. and Falkenstein, R. and Fedorova, O. and Freund, K. and Frodyma, N. and Gangapshev, A. and Garfagnini, A. and Gooch, C. and Grabmayr, P. and Gurentsov, V. and Gusev, K. and Hakenmüller, J. and Hegai, A. and Heisel, M. and Hemmer, S. and Hofmann, W. and Hult, M. and Inzhechik, L. V. and {Janicskó Csáthy}, J. and Jochum, J. and Junker, M. and Kazalov, V. and Kihm, T. and Kirpichnikov, I. V. and Kirsch, A. and Kish, A. and Klimenko, A. and Knei{ß}l, R. and Knöpfle, K. T. and Kochetov, O. and Kornoukhov, V. N. and Kuzminov, V. V. and Laubenstein, M. and Lazzaro, A. and Lebedev, V. I. and Lehnert, B. and Liao, H. Y. and Lindner, M. and Lippi, I. and Lubashevskiy, A. and Lubsandorzhiev, B. and Lutter, G. and Macolino, C. and Majorovits, B. and Maneschg, W. and Medinaceli, E. and Miloradovic, M. and Mingazheva, R. and Misiaszek, M. and Moseev, P. and Nemchenok, I. and Palioselitis, D. and Panas, K. and Pandola, L. and Pelczar, K. and Pullia, A. and Riboldi, S. and Rumyantseva, N. and Sada, C. and Salamida, F. and Salathe, M. and Schmitt, C. and Schneider, B. and Schönert, S. and Schreiner, J. and Schulz, O. and Schütz, A.-K. and Schwingenheuer, B. and Selivanenko, O. and Shevchik, E. and Shirchenko, M. and Simgen, H. and Smolnikov, A. and Stanco, L. and Vanhoefer, L. and Vasenko, A. A. and Veresnikova, A. and von Sturm, K. and Wagner, V. and Walter, M. and Wegmann, A. and Wester, T. and Wiesinger, C. and Wojcik, M. and Yanovich, E. and Zhitnikov, I. and Zhukov, S. V. and Zinatulina, D. and Zuber, K. and Zuzel, G. and Zuzel, G.},
eprint = {arXiv:1703.00570},

@article{Collaboration2017,
  author       = {{\gerda\ collaboration, M. Agostini et al.}},
  publisher    = {North-Holland},
  url          = {https://www.sciencedirect.com/science/article/pii/S0927650516301670?via%7B%5C%%7D3Dihub},
  year         = {2017},
  doi          = {10.1016/J.ASTROPARTPHYS.2017.03.003},
  journal      = {Astropart. Phys.},
  pages        = {15--21},
  title        = {{Limits on uranium and thorium bulk content in \gerda\ Phase I detectors}},
  volume       = {91}
}
author       = {Agostini, M. and Allardt, M. and Bakalyarov, A.M. and Balata, M. and Barabanov, I. and Baudis, L. and Bauer, C. and Becerici-Schmidt, N. and Bellotti, E. and Belogurov, S. and Belyaev, S.T. and Benato, G. and Bettini, A. and Bezrukov, L. and Bode, T. and Borowicz, D. and Brudanin, V. and Brugnera, R. and Caldwell, A. and Cattadori, C. and Chernogorov, A. and D'Andrea, V. and Demidova, E.V. and di Vacri, A. and Domula, A. and Doroshkevich, E. and Egorov, V. and Falkenstein, R. and Fedorova, O. and Freund, K. and Frodyma, N. and Gangapshev, A. and Garfagnini, A. and Grabmayr, P. and Gurentsov, V. and Gusev, K. and Hakemüller, J. and Hegai, A. and Heisel, M. and Hemmer, S. and Hofmann, W. and Hult, M. and Inzhechik, L.V. and {Janicskó Csáthy}, J. and Jochum, J. and Junker, M. and Kazalov, V. and Kihm, T. and Kirpichnikov, I.V. and Kirsch, A. and Kish, A. and Klimenko, A. and Knei{ß}l, R. and Knöpfle, K.T. and Kochetov, O. and Kornoukhov, V.N. and Kuzminov, V.V. and Laubenstein, M. and Lazzaro, A. and Lebedev, V.I. and Lehnert, B. and Liao, H.Y. and Lindner, M. and Lippi, I. and Lubashevskiy, A. and Lubsandorzhiev, B. and Lutter, G. and Macolino, C. and Majorovits, B. and Maneschg, W. and Medinaceli, E. and Mingazheva, R. and Misiaszek, M. and Moseev, P. and Nemchenok, I. and Palioselitis, D. and Panas, K. and Pandola, L. and Pelczar, K. and Pullia, A. and Riboldi, S. and Rumyantseva, N. and Sada, C. and Salamida, F. and Salathe, M. and Schmitt, C. and Schneider, B. and Schönert, S. and Schreiner, J. and Schütz, A.-K. and Schulz, O. and Schwingenheuer, B. and Selivanenko, O. and Shevchik, E. and Shirchenko, M. and Simgen, H. and Smolnikov, A. and Stanco, L. and Stepaniuk, M. and Vanhoefer, L. and Vasenko, A.A. and Veresnikova, A. and von Sturm, K. and Wagner, V. and Walter, M. and Wegmann, A. and Wester, T. and Wiesinger, C. and Wojcik, M. and Yanovich, E. and Zhitnikov, I. and Zhukov, S.V. and Zinatulina, D. and Zuber, K. and Zuzel, G.},
eprint       = {arXiv:1611.06884},

@article{VonSturm2017,
  author       = {von Sturm, K. and Belogurov, S. and Brugnera, R. and Garfagnini, A. and Lippi, I. and Modenese, L. and Rosso, D. and Turcato, M.},
  publisher    = {Pergamon},
  url          = {https://www.sciencedirect.com/science/article/pii/S0969804317301860?via%7B%5C%%7D3Dihub},
  year         = {2017},
  doi          = {10.1016/J.APRADISO.2017.04.024},
  journal      = {Appl. Radiat. Isotopes},
  pages        = {163--168},
  title        = {{A Compton scattering setup for pulse shape discrimination studies in germanium detectors}},
  volume       = {125}
}

@article{Agostini2016a,
  author       = {Agostini, M. and Allardt, M. and Bakalyarov, A. M. and Balata, M. and Barabanov, I. and Barros, N. and Baudis, L. and Bauer, C. and Bellotti, E. and Belogurov, S. and Belyaev, S. T. and Benato, G. and Bettini, A. and Bezrukov, L. and Bode, T. and Borowicz, D. and Brudanin, V. and Brugnera, R. and Caldwell, A. and Cattadori, C. and Chernogorov, A. and D'Andrea, V. and Demidova, E. V. and di Vacri, A. and Domula, A. and Doroshkevich, E. and Egorov, V. and Falkenstein, R. and Fedorova, O. and Freund, K. and Frodyma, N. and Gangapshev, A. and Garfagnini, A. and Gooch, C. and Grabmayr, P. and Gurentsov, V. and Gusev, K. and Hakenmüller, J. and Hegai, A. and Heisel, M. and Hemmer, S. and Heusser, G. and Hofmann, W. and Hult, M. and Inzhechik, L. V. and Csáthy, J. Janicskó and Jochum, J. and Junker, M. and Kazalov, V. and Kihm, T. and Kirpichnikov, I. V. and Kirsch, A. and Kish, A. and Klimenko, A. and Knei{ß}l, R. and Knöpfle, K. T. and Kochetov, O. and Kornoukhov, V. N. and Kuzminov, V. V. and Laubenstein, M. and Lazzaro, A. and Lebedev, V. I. and Lehnert, B. and Liao, H. Y. and Lindner, M. and Lippi, I. and Lubashevskiy, A. and Lubsandorzhiev, B. and Lutter, G. and Macolino, C. and Majorovits, B. and Maneschg, W. and Medinaceli, E. and Miloradovic, M. and Mingazheva, R. and Misiaszek, M. and Moseev, P. and Nemchenok, I. and Palioselitis, D. and Panas, K. and Pandola, L. and Pelczar, K. and Pullia, A. and Riboldi, S. and Rumyantseva, N. and Sada, C. and Salamida, F. and Salathe, M. and Schmitt, C. and Schneider, B. and Schönert, S. and Schreiner, J. and Schütz, A.-K. and Schulz, O. and Schwingenheuer, B. and Selivanenko, O. and Shirchenko, M. and Simgen, H. and Smolnikov, A. and Stanco, L. and Stepaniuk, M. and Vanhoefer, L. and Vasenko, A. A. and Veresnikova, A. and von Sturm, K. and Wagner, V. and Walter, M. and Wegmann, A. and Wester, T. and Wiesinger, C. and Wilsenach, H. and Wojcik, M. and Yanovich, E. and Zhitnikov, I. and Zhukov, S. V. and Zinatulina, D. and Zuber, K. and Zuzel, G.},
  authortype   = {\gerda\ collaboration},
  publisher    = {Springer Berlin Heidelberg},
  url          = {http://link.springer.com/10.1140/epjc/s10052-016-4454-5},
  year         = {2016},
  doi          = {10.1140/epjc/s10052-016-4454-5},
  journal      = {Eur. Phys. J. C},
  number       = {12},
  pages        = {652},
  title        = {{Limit on the radiative neutrinoless double electron capture of $^{36}$Ar from \gerda\ Phase I}},
  volume       = {76}
}

@article{Agostini2016,
  author       = {Agostini, M. and Allardt, M. and Bakalyarov, A.M. and Balata, M. and Barabanov, I. and Baudis, L. and Bauer, C. and Becerici-Schmidt, N. and Bellotti, E. and Belogurov, S. and Belyaev, S.T. and Benato, G. and Bettini, A. and Bezrukov, L. and Bode, T. and Borowicz, D. and Brudanin, V. and Brugnera, R. and Budjáš, D. and Caldwell, A. and Cattadori, C. and Chernogorov, A. and D'Andrea, V. and Demidova, E.V. and Domula, A. and Doroshkevich, E. and Egorov, V. and Falkenstein, R. and Fedorova, O. and Freund, K. and Frodyma, N. and Gangapshev, A. and Garfagnini, A. and Gooch, C. and Gotti, C. and Grabmayr, P. and Gurentsov, V. and Gusev, K. and Hampel, W. and Hegai, A. and Heisel, M. and Hemmer, S. and Heusser, G. and Hoffmann, W. and Hult, M. and Inzhechik, L.V. and Ioannucci, L. and {Janicksó Csáthy}, J. and Jochum, J. and Junker, M. and Kazalov, V. and Kihm, T. and Kirpichnikov, I.V. and Kirsch, A. and Klimenko, A. and Knöpfle, K.T. and Kochetov, O. and Kornoukhov, V.N. and Kuzminov, V.V. and Laubenstein, M. and Lazzaro, A. and Lebedev, V.I. and Lehnert, B. and Liao, H.Y. and Lindner, M. and Lippi, I. and Lubashevskiy, A. and Lubsandorzhiev, B. and Lutter, G. and Macolino, C. and Majorovits, B. and Maneschg, W. and Marissens, G. and Medinaceli, E. and Misiaszek, M. and Moseev, P. and Nemchenok, I. and Nisi, S. and Palioselitis, D. and Panas, K. and Pandola, L. and Pelczar, K. and Pessina, G. and Pullia, A. and Reissfelder, M. and Riboldi, S. and Rumyantseva, N. and Sada, C. and Salathe, M. and Schmitt, C. and Schneider, B. and Schreiner, J. and Schulz, O. and Schwingenheuer, B. and Schönert, S. and Seitz, H. and Selivalenko, O. and Shevchik, E. and Shirchenko, M. and Simgen, H. and Smolnikov, A. and Stanco, L. and Stepaniuk, M. and Strecker, H. and Ur, C.A. and Vanhoefer, L. and Vasenko, A.A. and Veresnikova, A. and von Sturm, K. and Wagner, V. and Walter, M. and Wegmann, A. and Wester, T. and Wiesinger, C. and Wilsenach, H. and Wojcik, M. and Yanovich, E. and Zavarise, P. and Zhitnikov, I. and Zhukov, S.V. and Zinatulina, D. and Zuber, K. and Zuzel, G.},
  publisher    = {North-Holland},
  url          = {https://www.sciencedirect.com/science/article/pii/S2405601415007920?via%7B%5C%%7D3Dihub},
  year         = {2016},
  doi          = {10.1016/J.NUCLPHYSBPS.2015.09.303},
  journal      = {Nucl. Part. Phys. P.},
  pages        = {1876--1882},
  title        = {{Search of Neutrinoless Double Beta Decay with the \gerda\ Experiment}},
  volume       = {273-275}
}

@article{Collaboration2016,
  author       = {Agostini, M. and Allardt, M. and Bakalyarov, A.M. and Balata, M. and Barabanov, I. and Barros, N. and Baudis, L. and Bauer, C. and Becerici-Schmidt, N. and Bellotti, E. and Belogurov, S. and Belyaev, S.T. and Benato, G. and Bettini, A. and Bezrukov, L. and Bode, T. and Borowicz, D. and Brudanin, V. and Brugnera, R. and Caldwell, A. and Cattadori, C. and Chernogorov, A. and D'Andrea, V. and Demidova, E.V. and di Vacri, A. and Domula, A. and Doroshkevich, E. and Egorov, V. and Falkenstein, R. and Fedorova, O. and Freund, K. and Frodyma, N. and Gangapshev, A. and Garfagnini, A. and Grabmayr, P. and Gurentsov, V. and Gusev, K. and Hegai, A. and Heisel, M. and Hemmer, S. and Hofmann, W. and Hult, M. and Inzhechik, L.V. and Ioannucci, L. and {Janicsk'o Cs'athy}, J. and Jochum, J. and Junker, M. and Kazalov, V. and Kihm, T. and Kirpichnikov, I.V. and Kirsch, A. and Klimenko, A. and Knapp, M. and Knöpfle, K.T. and Kochetov, O. and Kornoukhov, V.N. and Kuzminov, V.V. and Laubenstein, M. and Lazzaro, A. and Lebedev, V.I. and Lehnert, B. and Liao, H.Y. and Lindner, M. and Lippi, I. and Lubashevskiy, A. and Lubsandorzhiev, B. and Lutter, G. and Macolino, C. and Majorovits, B. and Maneschg, W. and Medinaceli, E. and Misiaszek, M. and Moseev, P. and Nemchenok, I. and Palioselitis, D. and Panas, K. and Pandola, L. and Pelczar, K. and Pullia, A. and Riboldi, S. and Ritter, F. and Rumyantseva, N. and Sada, C. and Salathe, M. and Schmitt, C. and Schneider, B. and Schönert, S. and Schreiner, J. and Schütz, A.-K. and Schulz, O. and Schwingenheuer, B. and Selivanenko, O. and Shevchik, E. and Shirchenko, M. and Simgen, H. and Smolnikov, A. and Stanco, L. and Stepaniuk, M. and Strecker, H. and Vanhoefer, L. and Vasenko, A.A. and Veresnikova, A. and von Sturm, K. and Wagner, V. and Walter, M. and Wegmann, A. and Wester, T. and Wiesinger, C. and Wilsenach, H. and Wojcik, M. and Yanovich, E. and Zhitnikov, I. and Zhukov, S.V. and Zinatulina, D. and Zuber, K. and Zuzel, G.},
  authortype   = {\gerda\ collaboration},
  publisher    = {North-Holland},
  url          = {https://www.sciencedirect.com/science/article/pii/S0927650516301141?via%7B%5C%%7D3Dihub},
  year         = {2016},
  doi          = {10.1016/J.ASTROPARTPHYS.2016.08.002},
  journal      = {Astropart. Phys.},
  pages        = {29--35},
  title        = {{Flux modulations seen by the muon veto of the \gerda\ experiment}},
  volume       = {84}
}

@article{Freund2016,
  author       = {Freund, K. and Falkenstein, R. and Grabmayr, P. and Hegai, A. and Jochum, J. and Knapp, M. and Lubsandorzhiev, B. and Ritter, F. and Schmitt, C. and Schütz, A.-K. and Jitnikov, I. and Shevchik, E. and Shirchenko, M. and Zinatulina, D.},
  publisher    = {Springer Berlin Heidelberg},
  url          = {http://link.springer.com/10.1140/epjc/s10052-016-4140-7},
  year         = {2016},
  doi          = {10.1140/epjc/s10052-016-4140-7},
  journal      = {Eur. Phys. J. C},
  number       = {5},
  pages        = {298},
  title        = {{The performance of the Muon Veto of the \gerda\ experiment}},
  volume       = {76}
}

@article{Pelczar2016,
  author       = {Pelczar, K. and Panas, K. and Zuzel, G.},
  publisher    = {North-Holland},
  url          = {https://www.sciencedirect.com/science/article/pii/S0168900216308531?via%7B%5C%%7D3Dihub},
  year         = {2016},
  doi          = {10.1016/J.NIMA.2016.08.036},
  journal      = {Nucl. Instrum. Meth. A},
  pages        = {142--147},
  title        = {{Resistor-less charge sensitive amplifier for semiconductor detectors}},
  volume       = {835}
}

@article{Salathe2016,
  author       = {Salathe, Marco and Kihm, Thomas},
  publisher    = {North-Holland},
  url          = {https://www.sciencedirect.com/science/article/pii/S0168900215014163?via%7B%5C%%7D3Dihub},
  year         = {2016},
  doi          = {10.1016/J.NIMA.2015.11.051},
  journal      = {Nucl. Instrum. Meth. A},
  pages        = {150--155},
  title        = {{Optimized digital filtering techniques for radiation detection with HPGe detectors}},
  volume       = {808}
}

@article{Agostini2015c,
  author       = {Agostini, M and Agostini, M and Allardt, M and Bakalyarov, A M and Balata, M and Barabanov, I and Barros, N and Baudis, L and Bauer, C and Becerici-Schmidt, N and Bellotti, E and Belogurov, S and Belyaev, S T and Benato, G and Bettini, A and Bezrukov, L and Bode, T and Borowicz, D and Brudanin, V and Brugnera, R and Budjáš, D and Caldwell, A and Cattadori, C and Chernogorov, A and D'Andrea, V and Demidova, E V and di Vacri, A and Domula, A and Doroshkevich, E and Egorov, V and Falkenstein, R and Fedorova, O and Freund, K and Frodyma, N and Gangapshev, A and Garfagnini, A and Gooch, C and Grabmayr, P and Gurentsov, V and Gusev, K and Hegai, A and Heisel, M and Hemmer, S and Heusser, G and Hofmann, W and Hult, M and Inzhechik, L V and Csáthy, J Janicskó and Jochum, J and Junker, M and Kazalov, V and Kihm, T and Kirpichnikov, I V and Kirsch, A and Klimenko, A and Knöpfle, K T and Kochetov, O and Kornoukhov, V N and Kuzminov, V V and Laubenstein, M and Lazzaro, A and Lebedev, V I and Lehnert, B and Liao, H Y and Lindner, M and Lippi, I and Lubashevskiy, A and Lubsandorzhiev, B and Lutter, G and Macolino, C and Majorovits, B and Maneschg, W and Medinaceli, E and Mi, Y and Misiaszek, M and Moseev, P and Nemchenok, I and Palioselitis, D and Panas, K and Pandola, L and Pelczar, K and Pullia, A and Riboldi, S and Rumyantseva, N and Sada, C and Salathe, M and Schmitt, C and Schneider, B and Schreiner, J and Schulz, O and Schwingenheuer, B and Schönert, S and Schütz, A-K and Selivanenko, O and Shirchenko, M and Simgen, H and Smolnikov, A and Stanco, L and Stepaniuk, M and Ur, C A and Vanhoefer, L and Vasenko, A A and Veresnikova, A and von Sturm, K and Wagner, V and Walter, M and Wegmann, A and Wester, T and Wilsenach, H and Wojcik, M and Yanovich, E and Zavarise, P and Zhitnikov, I and Zhukov, S V and Zinatulina, D and Zuber, K and Zuzel, G},
  publisher    = {IOP Publishing},
  url          = {http://iopscience.iop.org/article/10.1088/0954-3899/42/11/115201/meta},
  year         = {2015},
  doi          = {10.1088/0954-3899/42/11/115201},
  journal      = {J. Phys. G Nucl. Partic.},
  number       = {4},
  pages        = {044001},
  title        = {{$2\nu\beta\beta$ decay of $^{76}$Ge into excited states with \gerda\ Phase I}},
  volume       = {43}
}

@article{Agostini2015e,
  author       = {{\gerda\ collaboration, M. Agostini et al.}},
  publisher    = {Springer Berlin Heidelberg},
  url          = {http://link.springer.com/10.1140/epjc/s10052-014-3253-0},
  year         = {2015},
  doi          = {10.1140/epjc/s10052-014-3253-0},
  journal      = {Eur. Phys. J. C},
  number       = {2},
  pages        = {39},
  title        = {{Production, characterization and operation of $^{76}$Ge enriched BEGe detectors in \gerda}},
  volume       = {75}
}
author       = {Agostini, M. and Allardt, M. and Andreotti, E. and Bakalyarov, A. M. and Balata, M. and Barabanov, I. and Barros, N. and Baudis, L. and Bauer, C. and Becerici-Schmidt, N. and Bellotti, E. and Belogurov, S. and Belyaev, S. T. and Benato, G. and Bettini, A. and Bezrukov, L. and Bode, T. and Borowicz, D. and Brudanin, V. and Brugnera, R. and Budjáš, D. and Caldwell, A. and Cattadori, C. and Chernogorov, A. and D'Andrea, V. and Demidova, E. V. and Domula, A. and Egorov, V. and Falkenstein, R. and Freund, K. and Frodyma, N. and Gangapshev, A. and Garfagnini, A. and Gotti, C. and Grabmayr, P. and Gurentsov, V. and Gusev, K. and Hegai, A. and Heisel, M. and Hemmer, S. and Heusser, G. and Hofmann, W. and Hult, M. and Inzhechik, L. V. and Ioannucci, L. and {Janicskó Csáthy}, J. and Jochum, J. and Junker, M. and Kazalov, V. and Kihm, T. and Kirpichnikov, I. V. and Kirsch, A. and Klimenko, A. and Knöpfle, K. T. and Kochetov, O. and Kornoukhov, V. N. and Kuzminov, V. V. and Laubenstein, M. and Lazzaro, A. and Lebedev, V. I. and Lehnert, B. and Liao, H. Y. and Lindner, M. and Lippi, I. and Lubashevskiy, A. and Lubsandorzhiev, B. and Lutter, G. and Macolino, C. and Majorovits, B. and Maneschg, W. and Misiaszek, M. and Nemchenok, I. and Nisi, S. and O'Shaughnessy, C. and Palioselitis, D. and Pandola, L. and Pelczar, K. and Pessina, G. and Pullia, A. and Riboldi, S. and Rumyantseva, N. and Sada, C. and Salathe, M. and Schmitt, C. and Schreiner, J. and Schulz, O. and Schütz, A. -K. and Schwingenheuer, B. and Schönert, S. and Shevchik, E. and Shirchenko, M. and Simgen, H. and Smolnikov, A. and Stanco, L. and Strecker, H. and Ur, C. A. and Vanhoefer, L. and Vasenko, A. A. and von Sturm, K. and Wagner, V. and Walter, M. and Wegmann, A. and Wester, T. and Wilsenach, H. and Wojcik, M. and Yanovich, E. and Zavarise, P. and Zhitnikov, I. and Zhukov, S. V. and Zinatulina, D. and Zuber, K. and Zuzel, G.},
eprint       = {arXiv:1410.0853},

@article{Agostini2015a,
  author       = {Agostini, M. and Allardt, M. and Andreotti, E. and Bakalyarov, A.M. and Balata, M. and Barabanov, I. and Heider, M. Barabè and Barros, N. and Baudis, L. and Bauer, C. and Becerici-Schmidt, N. and Bellotti, E. and Belogurov, S. and Belyaev, S.T. and Benato, G. and Bettini, A. and Bezrukov, L. and Bode, T. and Brudanin, V. and Brugnera, R. and Budjáš, D. and Caldwell, A. and Cattadori, C. and Chernogorov, A. and Cossavella, F. and Demidova, E.V. and Domula, A. and Egorov, V. and Falkenstein, R. and Ferella, A. and Freund, K. and Frodyma, N. and Gangapshev, A. and Garfagnini, A. and Gotti, C. and Grabmayr, P. and Gurentsov, V. and Gusev, K. and Guthikonda, K.K. and Hampel, W. and Hegai, A. and Heisel, M. and Hemmer, S. and Heusser, G. and Hofmann, W. and Hult, M. and Inzhechik, L.V. and Csáthy, J. Janicskó and Jochum, J. and Junker, M. and Kihm, T. and Kirpichnikov, I.V. and Kirsch, A. and Klimenko, A. and Knöpfle, K.T. and Kochetov, O. and Kornoukhov, V.N. and Kuzminov, V.V. and Laubenstein, M. and Lazzaro, A. and Lebedev, V.I. and Lehnert, B. and Liao, H.Y. and Lindner, M. and Lippi, I. and Lubashevskiy, A. and Lubsandorzhiev, B. and Lutter, G. and Machado, A.A. and Macolino, C. and Majorovits, B. and Maneschg, W. and Misiaszek, M. and Nemchenok, I. and Nisi, S. and Shaughnessy, C.O'. and Pandola, L. and Pelczar, K. and Pessina, G. and Pullia, A. and Riboldi, S. and Rumyantseva, N. and Sada, C. and Salathe, M. and Schmitt, C. and Schreiner, J. and Schulz, O. and Schwingenheuer, B. and Schönert, S. and Shevchik, E. and Shirchenko, M. and Simgen, H. and Smolnikov, A. and Stanco, L. and Strecker, H. and Tarka, M. and Ur, C.A. and Vasenko, A.A. and Volynets, O. and von Sturm, K. and Wagner, V. and Walter, M. and Wegmann, A. and Wester, T. and Wojcik, M. and Yanovich, E. and Zavarise, P. and Zhitnikov, I. and Zhukov, S.V. and Zinatulina, D. and Zuber, K. and Zuzel, G.},
  publisher    = {Elsevier},
  url          = {https://www.sciencedirect.com/science/article/pii/S187538921500382X?via%7B%5C%%7D3Dihub},
  year         = {2015},
  doi          = {10.1016/J.PHPRO.2015.06.002},
  journal      = {Physics Proc.},
  pages        = {828--837},
  title        = {{Limit on Neutrinoless Double Beta Decay of $^{76}$Ge by \gerda}},
  volume       = {61}
}

@article{Agostini2015b,
  author       = {{\gerda\ collaboration, M. Agostini et al.}},
  publisher    = {Springer Berlin Heidelberg},
  url          = {http://link.springer.com/10.1140/epjc/s10052-015-3627-y},
  year         = {2015},
  doi          = {10.1140/epjc/s10052-015-3627-y},
  journal      = {Eur. Phys. J. C},
  number       = {9},
  pages        = {416},
  title        = {{Results on $\beta\beta$ decay with emission of two neutrinos or Majorons in $^{76}$Ge from \gerda\ Phase I}},
  volume       = {75}
}
author       = {Agostini, M. and Allardt, M. and Bakalyarov, A. M. and Balata, M. and Barabanov, I. and Barros, N. and Baudis, L. and Bauer, C. and Becerici-Schmidt, N. and Bellotti, E. and Belogurov, S. and Belyaev, S. T. and Benato, G. and Bettini, A. and Bezrukov, L. and Bode, T. and Borowicz, D. and Brudanin, V. and Brugnera, R. and Budjáš, D. and Caldwell, A. and Cattadori, C. and Chernogorov, A. and D'Andrea, V. and Demidova, E. V. and di Vacri, A. and Domula, A. and Doroshkevich, E. and Egorov, V. and Falkenstein, R. and Fedorova, O. and Freund, K. and Frodyma, N. and Gangapshev, A. and Garfagnini, A. and Grabmayr, P. and Gurentsov, V. and Gusev, K. and Hegai, A. and Heisel, M. and Hemmer, S. and Heusser, G. and Hofmann, W. and Hult, M. and Inzhechik, L. V. and Csáthy, J. Janicskó and Jochum, J. and Junker, M. and Kazalov, V. and Kihm, T. and Kirpichnikov, I. V. and Kirsch, A. and Klimenko, A. and Knöpfle, K. T. and Kochetov, O. and Kornoukhov, V. N. and Kuzminov, V. V. and Laubenstein, M. and Lazzaro, A. and Lebedev, V. I. and Lehnert, B. and Liao, H. Y. and Lindner, M. and Lippi, I. and Lubashevskiy, A. and Lubsandorzhiev, B. and Lutter, G. and Macolino, C. and Majorovits, B. and Maneschg, W. and Medinaceli, E. and Misiaszek, M. and Moseev, P. and Nemchenok, I. and Palioselitis, D. and Panas, K. and Pandola, L. and Pelczar, K. and Pullia, A. and Riboldi, S. and Rumyantseva, N. and Sada, C. and Salathe, M. and Schmitt, C. and Schneider, B. and Schönert, S. and Schreiner, J. and Schütz, A.-K. and Schulz, O. and Schwingenheuer, B. and Selivanenko, O. and Shirchenko, M. and Simgen, H. and Smolnikov, A. and Stanco, L. and Stepaniuk, M. and Ur, C. A. and Vanhoefer, L. and Vasenko, A. A. and Veresnikova, A. and von Sturm, K. and Wagner, V. and Walter, M. and Wegmann, A. and Wester, T. and Wilsenach, H. and Wojcik, M. and Yanovich, E. and Zavarise, P. and Zhitnikov, I. and Zhukov, S. V. and Zinatulina, D. and Zuber, K. and Zuzel, G. and Zuzel, G.},
eprint       = {arXiv:1501.02345},

@article{Agostini2015,
  author       = {{\gerda\ collaboration, M. Agostini et al.}},
  publisher    = {Springer Berlin Heidelberg},
  url          = {http://link.springer.com/10.1140/epjc/s10052-015-3409-6},
  year         = {2015},
  doi          = {10.1140/epjc/s10052-015-3409-6},
  journal      = {Eur. Phys. J. C},
  number       = {6},
  pages        = {255},
  title        = {{Improvement of the energy resolution via an optimized digital signal processing in \gerda\ Phase I}},
  volume       = {75}
}
author       = {Agostini, M. and Allardt, M. and Bakalyarov, A. M. and Balata, M. and Barabanov, I. and Barros, N. and Baudis, L. and Bauer, C. and Becerici-Schmidt, N. and Bellotti, E. and Belogurov, S. and Belyaev, S. T. and Benato, G. and Bettini, A. and Bezrukov, L. and Bode, T. and Borowicz, D. and Brudanin, V. and Brugnera, R. and Budjáš, D. and Caldwell, A. and Cattadori, C. and Chernogorov, A. and D'Andrea, V. and Demidova, E. V. and di Vacri, A. and Domula, A. and Doroshkevich, E. and Egorov, V. and Falkenstein, R. and Fedorova, O. and Freund, K. and Frodyma, N. and Gangapshev, A. and Garfagnini, A. and Grabmayr, P. and Gurentsov, V. and Gusev, K. and Hegai, A. and Heisel, M. and Hemmer, S. and Heusser, G. and Hofmann, W. and Hult, M. and Inzhechik, L. V. and {Janicskó Csáthy}, J. and Jochum, J. and Junker, M. and Kazalov, V. and Kihm, T. and Kirpichnikov, I. V. and Kirsch, A. and Klimenko, A. and Knöpfle, K. T. and Kochetov, O. and Kornoukhov, V. N. and Kuzminov, V. V. and Laubenstein, M. and Lazzaro, A. and Lebedev, V. I. and Lehnert, B. and Liao, H. Y. and Lindner, M. and Lippi, I. and Lubashevskiy, A. and Lubsandorzhiev, B. and Lutter, G. and Macolino, C. and Majorovits, B. and Maneschg, W. and Medinaceli, E. and Misiaszek, M. and Moseev, P. and Nemchenok, I. and Palioselitis, D. and Panas, K. and Pandola, L. and Pelczar, K. and Pullia, A. and Riboldi, S. and Rumyantseva, N. and Sada, C. and Salathe, M. and Schmitt, C. and Schneider, B. and Schönert, S. and Schreiner, J. and Schütz, A.-K. and Schulz, O. and Schwingenheuer, B. and Selivanenko, O. and Shirchenko, M. and Simgen, H. and Smolnikov, A. and Stanco, L. and Stepaniuk, M. and Ur, C. A. and Vanhoefer, L. and Vasenko, A. A. and Veresnikova, A. and von Sturm, K. and Wagner, V. and Walter, M. and Wegmann, A. and Wester, T. and Wilsenach, H. and Wojcik, M. and Yanovich, E. and Zavarise, P. and Zhitnikov, I. and Zhukov, S. V. and Zinatulina, D. and Zuber, K. and Zuzel, G. and Zuzel, G.},
eprint       = {arXiv:1502.04392},

@article{Agostini2015d,
  author       = {Agostini, M. and Barnabé-Heider, M. and Budjáš, D. and Cattadori, C. and Gangapshev, A. and Gusev, K. and Heisel, M. and Junker, M. and Klimenko, A. and Lubashevskiy, A. and Pelczar, K. and Schönert, S. and Smolnikov, A. and Zuzel, G.},
  publisher    = {Springer Berlin Heidelberg},
  url          = {http://link.springer.com/10.1140/epjc/s10052-015-3681-5},
  year         = {2015},
  doi          = {10.1140/epjc/s10052-015-3681-5},
  journal      = {Eur. Phys. J. C},
  number       = {10},
  pages        = {506},
  title        = {{LArGe: active background suppression using argon scintillation for the \gerda\ $0\nu\beta\beta$-experiment}},
  volume       = {75}
}

@article{Vacri2015,
  author  = {di Vacri,M. L.  and Nisi,S.  and Cattadori,C.  and Janicsko,J.  and Lubashevskiy,A.  and Smolnikov,A.  and Walter,M. },
  title   = {{ICP MS} selection of radiopure materials for the \gerda\ experiment},
  journal = {AIP Conf. Proc.},
  volume  = {1672},
  number  = {1},
  pages   = {150001},
  year    = {2015},
  doi     = {10.1063/1.4928024}
}

@article{Baudis2015a,
  author       = {Baudis, L. and Benato, G. and Carconi, P. and Cattadori, C. and Felice, P. De and Eberhardt, K. and Eichler, R. and Petrucci, A. and Tarka, M. and Walter, M.},
  publisher    = {IOP Publishing},
  url          = {http://stacks.iop.org/1748-0221/10/i=12/a=P12005?key=crossref.e03cf94fb97c4e92125e56a187255772},
  year         = {2015},
  doi          = {10.1088/1748-0221/10/12/P12005},
  journal      = {J. Instrum.},
  number       = {12},
  pages        = {P12005--P12005},
  title        = {{Production and characterization of $^{228}$Th calibration sources with low neutron emission for \gerda}},
  volume       = {10}
}

@article{Baudis2015,
  author       = {Baudis, L. and Benato, G. and Dressler, R. and Piastra, F. and Usoltsev, I. and Walter, M.},
  publisher    = {IOP Publishing},
  url          = {http://stacks.iop.org/1748-0221/10/i=09/a=P09009?key=crossref.72e6ba97bb59e2d95ad138c1e20393f1},
  year         = {2015},
  doi          = {10.1088/1748-0221/10/09/P09009},
  journal      = {J. Instrum.},
  number       = {09},
  pages        = {P09009--P09009},
  title        = {{Enhancement of light yield and stability of radio-pure tetraphenyl-butadiene based coatings for VUV light detection in cryogenic environments}},
  volume       = {10}
}

@article{Benato2015,
  author       = {Benato, G. and D'Andrea, V. and Cattadori, C. and Riboldi, S.},
  publisher    = {Elsevier},
  url          = {https://www.sciencedirect.com/science/article/pii/S1875389214006828?via%7B%5C%%7D3Dihub},
  year         = {2015},
  doi          = {10.1016/J.PHPRO.2014.12.069},
  journal      = {Physics Proc.},
  pages        = {673--682},
  title        = {{Improvement of the \gerda\ Ge Detectors Energy Resolution by an Optimized Digital Signal Processing}},
  volume       = {61}
}

@article{Caldwell2015,
  author       = {Caldwell, A. and Cossavella, F. and Majorovits, B. and Palioselitis, D. and Volynets, O.},
  publisher    = {Springer Berlin Heidelberg},
  url          = {http://link.springer.com/10.1140/epjc/s10052-015-3573-8},
  year         = {2015},
  doi          = {10.1140/epjc/s10052-015-3573-8},
  journal      = {Eur. Phys. J. C},
  number       = {7},
  pages        = {350},
  title        = {{Signal recognition efficiencies of artificial neural-network pulse-shape discrimination in HPGe $0\nu\beta\beta$-decay searches}},
  volume       = {75}
}

@article{Cattadori2015,
  author       = {Cattadori, Carla Maria},
  publisher    = {North-Holland},
  url          = {https://www.sciencedirect.com/science/article/pii/S2405601415003521?via%7B%5C%%7D3Dihub},
  year         = {2015},
  doi          = {10.1016/J.NUCLPHYSBPS.2015.06.010},
  journal      = {Nucl. Part. Phys. P.},
  pages        = {38--41},
  title        = {{\textsc{Gerda}: Results and perspectives}},
  volume       = {265-266}
}

@article{Hemmer2015,
  author       = {Hemmer, Sabine},
  publisher    = {Springer Berlin Heidelberg},
  url          = {http://link.springer.com/10.1140/epjp/i2015-15139-8},
  year         = {2015},
  doi          = {10.1140/epjp/i2015-15139-8},
  journal      = {Eur. Phys. J. Plus},
  number       = {7},
  pages        = {139},
  title        = {{Double-beta decay with majoron emission in \gerda\ Phase I}},
  volume       = {130}
}

@article{Majorovits2015,
  author       = {Majorovits, B.},
  publisher    = {Elsevier},
  url          = {https://www.sciencedirect.com/science/article/pii/S1875389214006543?via%7B%5C%%7D3Dihub},
  year         = {2015},
  doi          = {10.1016/J.PHPRO.2014.12.041},
  journal      = {Physics Proc.},
  pages        = {254--259},
  title        = {{Phase II Upgrade of the \gerda\ Experiment for the Search of Neutrinoless Double Beta Decay}},
  volume       = {61}
}

@inproceedings{Wester2015,
  author     = {Wester, Thomas},
  authortype = {\gerda\ collaboration},
  publisher  = {AIP Publishing LLC},
  url        = {http://aip.scitation.org/doi/abs/10.1063/1.4934915},
  booktitle  = {AIP Conf. Proc.},
  year       = {2015},
  doi        = {10.1063/1.4934915},
  number     = {1},
  pages      = {020026},
  title      = {{Results from Phase I of the \gerda\ experiment}},
  volume     = {1686}
}

@article{Agostini2014,
  author       = {{\gerda\ collaboration, M. Agostini et al.}},
  publisher    = {Springer Berlin Heidelberg},
  url          = {http://link.springer.com/10.1140/epjc/s10052-014-2764-z},
  year         = {2014},
  doi          = {10.1140/epjc/s10052-014-2764-z},
  journal      = {Eur. Phys. J. C},
  number       = {4},
  pages        = {2764},
  title        = {{The background in the $0\nu\beta\beta$ experiment \gerda}},
  volume       = {74}
}
author       = {Agostini, M. and Allardt, M. and Andreotti, E. and Bakalyarov, A. M. and Balata, M. and Barabanov, I. and {Barnabé Heider}, M. and Barros, N. and Baudis, L. and Bauer, C. and Becerici-Schmidt, N. and Bellotti, E. and Belogurov, S. and Belyaev, S. T. and Benato, G. and Bettini, A. and Bezrukov, L. and Bode, T. and Brudanin, V. and Brugnera, R. and Budjáš, D. and Caldwell, A. and Cattadori, C. and Chernogorov, A. and Cossavella, F. and Demidova, E. V. and Domula, A. and Egorov, V. and Falkenstein, R. and Ferella, A. and Freund, K. and Frodyma, N. and Gangapshev, A. and Garfagnini, A. and Gotti, C. and Grabmayr, P. and Gurentsov, V. and Gusev, K. and Guthikonda, K. K. and Hampel, W. and Hegai, A. and Heisel, M. and Hemmer, S. and Heusser, G. and Hofmann, W. and Hult, M. and Inzhechik, L. V. and Ioannucci, L. and Csáthy, J. Janicskó and Jochum, J. and Junker, M. and Kihm, T. and Kirpichnikov, I. V. and Kirsch, A. and Klimenko, A. and Knöpfle, K. T. and Kochetov, O. and Kornoukhov, V. N. and Kuzminov, V. V. and Laubenstein, M. and Lazzaro, A. and Lebedev, V. I. and Lehnert, B. and Liao, H. Y. and Lindner, M. and Lippi, I. and Liu, X. and Lubashevskiy, A. and Lubsandorzhiev, B. and Lutter, G. and Macolino, C. and Machado, A. A. and Majorovits, B. and Maneschg, W. and Nemchenok, I. and Nisi, S. and O'Shaughnessy, C. and Palioselitis, D. and Pandola, L. and Pelczar, K. and Pessina, G. and Pullia, A. and Riboldi, S. and Sada, C. and Salathe, M. and Schmitt, C. and Schreiner, J. and Schulz, O. and Schwingenheuer, B. and Schönert, S. and Shevchik, E. and Shirchenko, M. and Simgen, H. and Smolnikov, A. and Stanco, L. and Strecker, H. and Tarka, M. and Ur, C. A. and Vasenko, A. A. and Volynets, O. and von Sturm, K. and Wagner, V. and Walter, M. and Wegmann, A. and Wester, T. and Wojcik, M. and Yanovich, E. and Zavarise, P. and Zhitnikov, I. and Zhukov, S. V. and Zinatulina, D. and Zuber, K. and Zuzel, G.},
eprint       = {arXiv:1306.5084},

@article{Knoepfle2014,
  author       = {Knoepfle, K. T.},
  authortype   = {\gerda\ collaboration},
  url          = {http://adsabs.harvard.edu/abs/2014tipp.confE.109K},
  year         = {2014},
  journal      = {Proceedings of Technology and Instrumentation in Particle Physics 2014 (TIPP2014). 2-6 June 2014. Amsterdam, the Netherlands. Online at http://pos.sissa.it/cgi-bin/reader/conf.cgi?confid=213, id.109},
  title        = {{Upgrade of the \gerda\ experiment}}
}

@article{Lehnert2014,
  author       = {Lehnert, Björn},
  authortype   = {\gerda\ collaboration},
  publisher    = {North-Holland},
  url          = {https://www.sciencedirect.com/science/article/pii/S0168900213014848?via%7B%5C%%7D3Dihub},
  year         = {2014},
  doi          = {10.1016/J.NIMA.2013.10.077},
  journal      = {Nucl. Instrum. Meth. A},
  pages        = {254--257},
  title        = {{\textsc{Gerda}: Recent results and future plans}},
  volume       = {742}
}

@article{Macolino2014b,
  author       = {Macolino, Carla},
  authortype   = {\gerda\ collaboration},
  publisher    = {World Scientific Publishing Company},
  url          = {http://www.worldscientific.com/doi/abs/10.1142/S0217732314300018},
  year         = {2014},
  doi          = {10.1142/S0217732314300018},
  journal      = {Mod. Phys. Lett. A},
  keywords     = {GERDA experiment,Majorana neutrino,Neutrino mass and mixing,enriched Ge detectors,neutrinoless double-beta decay},
  number       = {01},
  pages        = {1430001},
  title        = {{Results on neutrinoless double beta decay from \gerda\ Phase I}},
  volume       = {29}
}

@article{Macolino2014a,
  author       = {Macolino, Carla},
  authortype   = {\gerda\ collaboration},
  publisher    = {IOP Publishing},
  url          = {http://stacks.iop.org/1742-6596/556/i=1/a=012063?key=crossref.0c499f5c84f967744a7ca4af8fb1cf90},
  year         = {2014},
  doi          = {10.1088/1742-6596/556/1/012063},
  journal      = {J. Phys. Conf. Ser.},
  number       = {1},
  pages        = {012063},
  title        = {{The \gerda\ experiment: results and perspectives}},
  volume       = {556}
}

@article{Pandola2014,
  author       = {Pandola, L.},
  publisher    = {Elsevier},
  url          = {https://www.sciencedirect.com/science/article/pii/S221268641400017X?via%7B%5C%%7D3Dihub},
  year         = {2014},
  doi          = {10.1016/J.DARK.2014.05.005},
  journal      = {Phys. Dark Universe},
  pages        = {17--22},
  title        = {{Status of double beta decay experiments using isotopes other than $^{136}$Xe}},
  volume       = {4}
}

@article{Ackermann2013,
  author       = {{\gerda\ collaboration, K.-H. Ackermann et al.}},
  publisher    = {Springer-Verlag},
  url          = {http://link.springer.com/10.1140/epjc/s10052-013-2330-0},
  year         = {2013},
  doi          = {10.1140/epjc/s10052-013-2330-0},
  journal      = {Eur. Phys. J. C},
  number       = {3},
  pages        = {2330},
  title        = {{The \gerda\ experiment for the search of $0\nu\beta\beta$ decay in $^{76}$Ge}},
  volume       = {73}
}
author = {Ackermann, K.-H. and Agostini, M. and Allardt, M. and Altmann, M. and Andreotti, E. and Bakalyarov, A. M. and Balata, M. and Barabanov, I. and {Barnabé Heider}, M. and Barros, N. and Baudis, L. and Bauer, C. and Becerici-Schmidt, N. and Bellotti, E. and Belogurov, S. and Belyaev, S. T. and Benato, G. and Bettini, A. and Bezrukov, L. and Bode, T. and Brudanin, V. and Brugnera, R. and Budjáš, D. and Caldwell, A. and Cattadori, C. and Chernogorov, A. and Chkvorets, O. and Cossavella, F. and D‘Andragora, A. and Demidova, E. V. and Denisov, A. and di Vacri, A. and Domula, A. and Egorov, V. and Falkenstein, R. and Ferella, A. and Freund, K. and Froborg, F. and Frodyma, N. and Gangapshev, A. and Garfagnini, A. and Gasparro, J. and Gazzana, S. and {Gonzalez de Orduna}, R. and Grabmayr, P. and Gurentsov, V. and Gusev, K. and Guthikonda, K. K. and Hampel, W. and Hegai, A. and Heisel, M. and Hemmer, S. and Heusser, G. and Hofmann, W. and Hult, M. and Inzhechik, L. V. and Ioannucci, L. and {Janicskó Csáthy}, J. and Jochum, J. and Junker, M. and Kankanyan, R. and Kianovsky, S. and Kihm, T. and Kiko, J. and Kirpichnikov, I. V. and Kirsch, A. and Klimenko, A. and Knapp, M. and Knöpfle, K. T. and Kochetov, O. and Kornoukhov, V. N. and Kröninger, K. and Kusminov, V. and Laubenstein, M. and Lazzaro, A. and Lebedev, V. I. and Lehnert, B. and Lenz, D. and Liao, H. and Lindner, M. and Lippi, I. and Liu, J. and Liu, X. and Lubashevskiy, A. and Lubsandorzhiev, B. and Machado, A. A. and Majorovits, B. and Maneschg, W. and Marissens, G. and Mayer, S. and Meierhofer, G. and Nemchenok, I. and Niedermeier, L. and Nisi, S. and Oehm, J. and O'Shaughnessy, C. and Pandola, L. and Peiffer, P. and Pelczar, K. and Pullia, A. and Riboldi, S. and Ritter, F. and {Rossi Alvarez}, C. and Sada, C. and Salathe, M. and Schmitt, C. and Schönert, S. and Schreiner, J. and Schubert, J. and Schulz, O. and Schwan, U. and Schwingenheuer, B. and Seitz, H. and Shevchik, E. and Shirchenko, M. and Simgen, H. and Smolnikov, A. and Stanco, L. and Stelzer, F. and Strecker, H. and Tarka, M. and Trunk, U. and Ur, C. A. and Vasenko, A. A. and Vogt, S. and Volynets, O. and von Sturm, K. and Wagner, V. and Walter, M. and Wegmann, A. and Wojcik, M. and Yanovich, E. and Zavarise, P. and Zhitnikov, I. and Zhukov, S. V. and Zinatulina, D. and Zuber, K. and Zuzel, G.},
eprint = {arXiv:1212.4067},

@article{Agostini2013b,
  author       = {{\gerda\ collaboration, M. Agostini et al.}},
  publisher    = {IOP Publishing},
  url          = {http://stacks.iop.org/0954-3899/40/i=3/a=035110?key=crossref.e6583515277cef77cd4f356170be74d2},
  year         = {2013},
  doi          = {10.1088/0954-3899/40/3/035110},
  eprint       = {arXiv:1212.3210},
  journal      = {J. Phys. G Nucl. Partic.},
  number       = {3},
  pages        = {035110},
  title        = {{Measurement of the half-life of the two-neutrino double beta decay of $^{76}$Ge with the \gerda\ experiment}},
  volume       = {40}
}
author       = {Agostini, M and Allardt, M and Andreotti, E and Bakalyarov, A M and Balata, M and Barabanov, I and Heider, M Barnabé and Barros, N and Baudis, L and Bauer, C and Becerici-Schmidt, N and Bellotti, E and Belogurov, S and Belyaev, S T and Benato, G and Bettini, A and Bezrukov, L and Bode, T and Brudanin, V and Brugnera, R and Budjáš, D and Caldwell, A and Cattadori, C and Chernogorov, A and Cossavella, F and Demidova, E V and Denisov, A and Domula, A and Egorov, V and Falkenstein, R and Ferella, A D and Freund, K and Froborg, F and Frodyma, N and Gangapshev, A and Garfagnini, A and Gazzana, S and Grabmayr, P and Gurentsov, V and Gusev, K and Guthikonda, K K and Hampel, W and Hegai, A and Heisel, M and Hemmer, S and Heusser, G and Hofmann, W and Hult, M and Inzhechik, L V and Ioannucci, L and Csáthy, J Janicskó and Jochum, J and Junker, M and Kianovsky, S and Kirpichnikov, I V and Kirsch, A and Klimenko, A and Knöpfle, K T and Kochetov, O and Kornoukhov, V N and Kuzminov, V and Laubenstein, M and Lazzaro, A and Lebedev, V I and Lehnert, B and Liao, H Y and Lindner, M and Lippi, I and Liu, X and Lubashevskiy, A and Lubsandorzhiev, B and Lutter, G and Machado, A A and Majorovits, B and Maneschg, W and Nemchenok, I and Nisi, S and O'Shaughnessy, C and Pandola, L and Pelczar, K and Peraro, L and Pullia, A and Riboldi, S and Ritter, F and Sada, C and Salathe, M and Schmitt, C and Schönert, S and Schreiner, J and Schulz, O and Schwingenheuer, B and Shevchik, E and Shirchenko, M and Simgen, H and Smolnikov, A and Stanco, L and Strecker, H and Tarka, M and Ur, C A and Vasenko, A A and Volynets, O and von Sturm, K and Walter, M and Wegmann, A and Wojcik, M and Yanovich, E and Zavarise, P and Zhitnikov, I and Zhukov, S V and Zinatulina, D and Zuber, K and Zuzel, G and Zuzel, G},

@article{Agostini2013a,
  author       = {{\gerda\ collaboration, M. Agostini et al.}},
  publisher    = {American Physical Society},
  url          = {https://link.aps.org/doi/10.1103/PhysRevLett.111.122503},
  year         = {2013},
  doi          = {10.1103/PhysRevLett.111.122503},
  eprint       = {arXiv:1307.4720},
  journal      = {Phys. Rev. Lett.},
  number       = {12},
  pages        = {122503},
  title        = {{Results on Neutrinoless Double-$\beta$ Decay of $^{76}$Ge from Phase I of the \gerda\ Experiment}},
  volume       = {111}
}
author       = {Agostini, M. and Allardt, M. and Andreotti, E. and Bakalyarov, A. M. and Balata, M. and Barabanov, I. and {Barnabé Heider}, M. and Barros, N. and Baudis, L. and Bauer, C. and Becerici-Schmidt, N. and Bellotti, E. and Belogurov, S. and Belyaev, S. T. and Benato, G. and Bettini, A. and Bezrukov, L. and Bode, T. and Brudanin, V. and Brugnera, R. and Budjáš, D. and Caldwell, A. and Cattadori, C. and Chernogorov, A. and Cossavella, F. and Demidova, E. V. and Domula, A. and Egorov, V. and Falkenstein, R. and Ferella, A. and Freund, K. and Frodyma, N. and Gangapshev, A. and Garfagnini, A. and Gotti, C. and Grabmayr, P. and Gurentsov, V. and Gusev, K. and Guthikonda, K. K. and Hampel, W. and Hegai, A. and Heisel, M. and Hemmer, S. and Heusser, G. and Hofmann, W. and Hult, M. and Inzhechik, L. V. and Ioannucci, L. and {Janicskó Csáthy}, J. and Jochum, J. and Junker, M. and Kihm, T. and Kirpichnikov, I. V. and Kirsch, A. and Klimenko, A. and Knöpfle, K. T. and Kochetov, O. and Kornoukhov, V. N. and Kuzminov, V. V. and Laubenstein, M. and Lazzaro, A. and Lebedev, V. I. and Lehnert, B. and Liao, H. Y. and Lindner, M. and Lippi, I. and Liu, X. and Lubashevskiy, A. and Lubsandorzhiev, B. and Lutter, G. and Macolino, C. and Machado, A. A. and Majorovits, B. and Maneschg, W. and Misiaszek, M. and Nemchenok, I. and Nisi, S. and O'Shaughnessy, C. and Pandola, L. and Pelczar, K. and Pessina, G. and Pullia, A. and Riboldi, S. and Rumyantseva, N. and Sada, C. and Salathe, M. and Schmitt, C. and Schreiner, J. and Schulz, O. and Schwingenheuer, B. and Schönert, S. and Shevchik, E. and Shirchenko, M. and Simgen, H. and Smolnikov, A. and Stanco, L. and Strecker, H. and Tarka, M. and Ur, C. A. and Vasenko, A. A. and Volynets, O. and von Sturm, K. and Wagner, V. and Walter, M. and Wegmann, A. and Wester, T. and Wojcik, M. and Yanovich, E. and Zavarise, P. and Zhitnikov, I. and Zhukov, S. V. and Zinatulina, D. and Zuber, K. and Zuzel, G.},

@article{Agostini2013c,
  author       = {Agostini, M. and Allardt, M. and Andreotti, E. and Bakalyarov, A. M. and Balata, M. and Barabanov, I. and {Barnabé Heider}, M. and Barros, N. and Baudis, L. and Bauer, C. and Becerici-Schmidt, N. and Bellotti, E. and Belogurov, S. and Belyaev, S. T. and Benato, G. and Bettini, A. and Bezrukov, L. and Bode, T. and Brudanin, V. and Brugnera, R. and Budjáš, D. and Caldwell, A. and Cattadori, C. and Chernogorov, A. and Cossavella, F. and Demidova, E. V. and Domula, A. and Egorov, V. and Falkenstein, R. and Ferella, A. and Freund, K. and Frodyma, N. and Gangapshev, A. and Garfagnini, A. and Gotti, C. and Grabmayr, P. and Gurentsov, V. and Gusev, K. and Guthikonda, K. K. and Hampel, W. and Hegai, A. and Heisel, M. and Hemmer, S. and Heusser, G. and Hofmann, W. and Hult, M. and Inzhechik, L. V. and Ioannucci, L. and {Janicskó Csáthy}, J. and Jochum, J. and Junker, M. and Kihm, T. and Kirpichnikov, I. V. and Kirsch, A. and Klimenko, A. and Knöpfle, K. T. and Kochetov, O. and Kornoukhov, V. N. and Kuzminov, V. V. and Laubenstein, M. and Lazzaro, A. and Lebedev, V. I. and Lehnert, B. and Liao, H. Y. and Lindner, M. and Lippi, I. and Liu, X. and Lubashevskiy, A. and Lubsandorzhiev, B. and Lutter, G. and Macolino, C. and Machado, A. A. and Majorovits, B. and Maneschg, W. and Misiaszek, M. and Nemchenok, I. and Nisi, S. and O'Shaughnessy, C. and Pandola, L. and Pelczar, K. and Pessina, G. and Pullia, A. and Riboldi, S. and Rumyantseva, N. and Sada, C. and Salathe, M. and Schmitt, C. and Schreiner, J. and Schulz, O. and Schwingenheuer, B. and Schönert, S. and Shevchik, E. and Shirchenko, M. and Simgen, H. and Smolnikov, A. and Stanco, L. and Strecker, H. and Tarka, M. and Ur, C. A. and Vasenko, A. A. and Volynets, O. and von Sturm, K. and Wagner, V. and Walter, M. and Wegmann, A. and Wester, T. and Wojcik, M. and Yanovich, E. and Zavarise, P. and Zhitnikov, I. and Zhukov, S. V. and Zinatulina, D. and Zuber, K. and Zuzel, G.},
  publisher    = {American Physical Society},
  url          = {https://link.aps.org/doi/10.1103/PhysRevLett.111.122503},
  year         = {2013},
  doi          = {10.1103/PhysRevLett.111.122503},
  journal      = {Phys. Rev. Lett.},
  number       = {12},
  pages        = {122503},
  title        = {{Results on Neutrinoless Double-$\beta$ Decay of $^{76}$Ge from Phase I of the \gerda\ Experiment}},
  volume       = {111}
}

@article{Agostini2013,
  author       = {{\gerda\ collaboration, M. Agostini et al.}},
  publisher    = {Springer Berlin Heidelberg},
  url          = {http://link.springer.com/10.1140/epjc/s10052-013-2583-7},
  year         = {2013},
  doi          = {10.1140/epjc/s10052-013-2583-7},
  journal      = {Eur. Phys. J. C},
  number       = {10},
  pages        = {2583},
  title        = {{Pulse shape discrimination for \gerda\ Phase I data}},
  volume       = {73}
}
author       = {Agostini, M. and Allardt, M. and Andreotti, E. and Bakalyarov, A. M. and Balata, M. and Barabanov, I. and {Barnabé Heider}, M. and Barros, N. and Baudis, L. and Bauer, C. and Becerici-Schmidt, N. and Bellotti, E. and Belogurov, S. and Belyaev, S. T. and Benato, G. and Bettini, A. and Bezrukov, L. and Bode, T. and Brudanin, V. and Brugnera, R. and Budjáš, D. and Caldwell, A. and Cattadori, C. and Chernogorov, A. and Cossavella, F. and Demidova, E. V. and Domula, A. and Egorov, V. and Falkenstein, R. and Ferella, A. and Freund, K. and Frodyma, N. and Gangapshev, A. and Garfagnini, A. and Gotti, C. and Grabmayr, P. and Gurentsov, V. and Gusev, K. and Guthikonda, K. K. and Hampel, W. and Hegai, A. and Heisel, M. and Hemmer, S. and Heusser, G. and Hofmann, W. and Hult, M. and Inzhechik, L. V. and Ioannucci, L. and {Janicskó Csáthy}, J. and Jochum, J. and Junker, M. and Kihm, T. and Kirpichnikov, I. V. and Kirsch, A. and Klimenko, A. and Knöpfle, K. T. and Kochetov, O. and Kornoukhov, V. N. and Kuzminov, V. V. and Laubenstein, M. and Lazzaro, A. and Lebedev, V. I. and Lehnert, B. and Liao, H. Y. and Lindner, M. and Lippi, I. and Liu, X. and Lubashevskiy, A. and Lubsandorzhiev, B. and Lutter, G. and Macolino, C. and Machado, A. A. and Majorovits, B. and Maneschg, W. and Misiaszek, M. and Nemchenok, I. and Nisi, S. and O'Shaughnessy, C. and Pandola, L. and Pelczar, K. and Pessina, G. and Pullia, A. and Riboldi, S. and Rumyantseva, N. and Sada, C. and Salathe, M. and Schmitt, C. and Schreiner, J. and Schulz, O. and Schwingenheuer, B. and Schönert, S. and Shevchik, E. and Shirchenko, M. and Simgen, H. and Smolnikov, A. and Stanco, L. and Strecker, H. and Tarka, M. and Ur, C. A. and Vasenko, A. A. and Volynets, O. and von Sturm, K. and Wagner, V. and Walter, M. and Wegmann, A. and Wester, T. and Wojcik, M. and Yanovich, E. and Zavarise, P. and Zhitnikov, I. and Zhukov, S. V. and Zinatulina, D. and Zuber, K. and Zuzel, G.},
eprint       = {arXiv:1307.2610},

@article{Andreotti2013,
  author       = {Andreotti, E and Garfagnini, A and Maneschg, W and Barros, N and Benato, G and Brugnera, R and Costa, F and Falkenstein, R and Guthikonda, K K and Hegai, A and Hemmer, S and Hult, M and Jänner, K and Kihm, T and Lehnert, B and Liao, H and Lubashevskiy, A and Lutter, G and Marissens, G and Modenese, L and Pandola, L and Reissfelder, M and Sada, C and Salathe, M and Schmitt, C and Schulz, O and Schwingenheuer, B and Turcato, M and Ur, C and von Sturm, K and Wagner, V and Westermann, J},
  publisher    = {IOP Publishing},
  url          = {http://stacks.iop.org/1748-0221/8/i=06/a=P06012?key=crossref.2852dbb1635125ea64eada6b0c8dd58a},
  year         = {2013},
  doi          = {10.1088/1748-0221/8/06/P06012},
  journal      = {J. Instrum.},
  number       = {06},
  pages        = {P06012--P06012},
  title        = {{HEROICA: an underground facility for the fast screening of germanium detectors}},
  volume       = {8}
}

@article{Baudis2013,
  author       = {Baudis, L. and Ferella, A.D. and Froborg, F. and Tarka, M.},
  publisher    = {North-Holland},
  url          = {https://www.sciencedirect.com/science/article/pii/S0168900213011273?via%7B%5C%%7D3Dihub},
  year         = {2013},
  doi          = {10.1016/J.NIMA.2013.08.003},
  journal      = {Nucl. Instrum. Meth. A},
  pages        = {557--564},
  title        = {{Monte Carlo studies and optimization for the calibration system of the \gerda\ experiment}},
  volume       = {729}
}

@article{Brugnera2013,
  author       = {Brugnera, R. and Garfagnini, A.},
  publisher    = {Hindawi},
  url          = {http://www.hindawi.com/journals/ahep/2013/506186/},
  year         = {2013},
  doi          = {10.1155/2013/506186},
  journal      = {Adv. High Energy Phys.},
  pages        = {1--15},
  title        = {{Status of the \gerda\ Experiment at the Laboratori Nazionali del Gran Sasso}},
  volume       = {2013}
}

@article{Budjas2013,
  author       = {Budjáš, D and Agostini, M and Baudis, L and Bellotti, E and Bezrukov, L and Brugnera, R and Cattadori, C and di Vacri, A and Falkenstein, R and Garfagnini, A and Georgi, S and Grabmayr, P and Hegai, A and Hemmer, S and Hult, M and Csáthy, J Janicskó and Kornoukhov, V and Lehnert, B and Lubashevskiy, A and Nisi, S and Pivato, G and Schönert, S and Tarka, M and von Sturm, K},
  publisher    = {IOP Publishing},
  url          = {http://stacks.iop.org/1748-0221/8/i=04/a=P04018?key=crossref.6b74946280ecaebbfffce10b2b7c2f68},
  year         = {2013},
  doi          = {10.1088/1748-0221/8/04/P04018},
  journal      = {J. Instrum.},
  number       = {04},
  pages        = {P04018--P04018},
  title        = {{Isotopically modified Ge detectors for \gerda: from production to operation}},
  volume       = {8}
}

@article{Knopfle2013,
  author       = {Knöpfle, K.T.},
  publisher    = {North-Holland},
  url          = {https://www.sciencedirect.com/science/article/pii/S0920563213001710?via%7B%5C%%7D3Dihub},
  year         = {2013},
  doi          = {10.1016/J.NUCLPHYSBPS.2013.04.050},
  journal      = {Nucl. Phys. B - Proc. Sup.},
  pages        = {31--33},
  title        = {{\gerda\ – Status and Perspectives}},
  volume       = {237-238}
}

@article{OShaughnessy2013,
  author       = {O'Shaughnessy, C. and Andreotti, E. and Budjáš, D. and Caldwell, A. and Gangapshev, A. and Gusev, K. and Hult, M. and Lubashevskiy, A. and Majorovits, B. and Schönert, S. and Smolnikov, A.},
  publisher    = {Springer-Verlag},
  url          = {http://link.springer.com/10.1140/epjc/s10052-013-2445-3},
  year         = {2013},
  doi          = {10.1140/epjc/s10052-013-2445-3},
  journal      = {Eur. Phys. J. C},
  number       = {5},
  pages        = {2445},
  title        = {{High voltage capacitors for low background experiments}},
  volume       = {73}
}

@article{Schwingenheuer2013,
  author       = {Schwingenheuer, Bernhard},
  publisher    = {John Wiley {\&} Sons, Ltd},
  url          = {http://doi.wiley.com/10.1002/andp.201200222},
  year         = {2013},
  doi          = {10.1002/andp.201200222},
  journal      = {Ann. Phys.},
  keywords     = {Double beta decay},
  number       = {4},
  pages        = {269--280},
  title        = {{Status and prospects of searches for neutrinoless double beta decay}},
  volume       = {525}
}

@article{Agostini2012b,
  author       = {Agostini, M and Detwiler, J A and Finnerty, P and Kröninger, K and Lenz, D and Liu, J and Marino, M G and Martin, R and Nguyen, K D and Pandola, L and Schubert, A G and Volynets, O and Zavarise, P},
  publisher    = {IOP Publishing},
  url          = {http://stacks.iop.org/1742-6596/375/i=4/a=042027?key=crossref.aa12d83cc25d72a644275af01a38ce7a},
  year         = {2012},
  doi          = {10.1088/1742-6596/375/1/042027},
  journal      = {J. Phys. Conf. Ser.},
  number       = {4},
  pages        = {042027},
  title        = {{The MGDO software library for data analysis in Ge neutrinoless double-beta decay experiments}},
  volume       = {375}
}

@article{Agostini2012a,
  author       = {Agostini, M and Pandola, L and Zavarise, P},
  publisher    = {IOP Publishing},
  url          = {http://stacks.iop.org/1742-6596/368/i=1/a=012047?key=crossref.a04b36af822b1ed1ffa1b7e35e10b45a},
  year         = {2012},
  doi          = {10.1088/1742-6596/368/1/012047},
  journal      = {J. Phys. Conf. Ser.},
  number       = {1},
  pages        = {012047},
  title        = {{Off-line data processing and analysis for the \gerda\ experiment}},
  volume       = {368}
}

@article{Agostini2012,
  author       = {Agostini, M. and Baudis, L. and Bellotti, E. and Brugnera, R. and Budjáš, D. and Cattadori, C. and di Vacri, A. and Garfagnini, A. and Georgi, S. and {Gonzáles de Orduña}, R. and Grabmayr, P. and Hegai, A. and Hult, M. and Jochum, J. and Kornoukhov, V. and Pandola, L. and Pivato, G. and Schönert, S. and Tarka, M. and Ur, C. and Zuber, K.},
  publisher    = {North-Holland},
  url          = {https://www.sciencedirect.com/science/article/pii/S092056321200343X?via%7B%5C%%7D3Dihub},
  year         = {2012},
  doi          = {10.1016/J.NUCLPHYSBPS.2012.09.126},
  journal      = {Nucl. Phys. B - Proc. Sup.},
  pages        = {489},
  title        = {{Procurement, production and testing of BEGe detectors depleted in $^{76}$Ge}},
  volume       = {229-232}
}

@article{Brugnera2012,
  author       = {Brugnera, R and Costa, F and Garfagnini, A and Gigante, G and Hemmer, S and Lippi, I and Michelotto, M and Ur, C and Zinato, D},
  publisher    = {IOP Publishing},
  url          = {http://stacks.iop.org/1748-0221/7/i=10/a=P10017?key=crossref.d1cdd8d94b7990840379461aca94a485},
  year         = {2012},
  doi          = {10.1088/1748-0221/7/10/P10017},
  journal      = {J. Instrum.},
  number       = {10},
  pages        = {P10017--P10017},
  title        = {{The slow control system of the \gerda\ double beta decay experiment at Gran Sasso}},
  volume       = {7}
}

@article{Meierhofer2012,
  author       = {Meierhofer, G. and Grabmayr, P. and Canella, L. and Kudejova, P. and Jolie, J. and Warr, N.},
  publisher    = {Springer Berlin Heidelberg},
  url          = {http://link.springer.com/10.1140/epja/i2012-12020-y},
  year         = {2012},
  doi          = {10.1140/epja/i2012-12020-y},
  journal      = {Eur. Phys. J. A},
  number       = {2},
  pages        = {20},
  title        = {{Prompt $\gamma$ rays in $^{77}$Ge and $^{75}$Ge after thermal neutron capture}},
  volume       = {48}
}

@article{Zavarise2012,
  author       = {Zavarise, P and Agostini, M and Machado, A A and Pandola, L and Volynets, O},
  publisher    = {IOP Publishing},
  url          = {http://stacks.iop.org/1742-6596/375/i=4/a=042028?key=crossref.4f763a97e8d094eb61290d375a9d702f},
  year         = {2012},
  doi          = {10.1088/1742-6596/375/1/042028},
  journal      = {J. Phys. Conf. Ser.},
  number       = {4},
  pages        = {042028},
  title        = {{Off-line data quality monitoring for the \gerda\ experiment}},
  volume       = {375}
}

@article{Agostini2011a,
  author       = {Agostini, M and Bellotti, E and Brugnera, R and Cattadori, C M and D'Andragora, A and di Vacri, A and Garfagnini, A and Laubenstein, M and Pandola, L and Ur, C A},
  publisher    = {IOP Publishing},
  url          = {http://stacks.iop.org/1748-0221/6/i=04/a=P04005?key=crossref.d04e64d416753e183bf2e8f74c12ff4a},
  year         = {2011},
  doi          = {10.1088/1748-0221/6/04/P04005},
  journal      = {J. Instrum.},
  number       = {04},
  pages        = {P04005--P04005},
  title        = {{Characterization of a broad energy germanium detector and application to neutrinoless double beta decay search in $^{76}$Ge}},
  volume       = {6}
}

@article{Agostini2011,
  author       = {Agostini, M and Pandola, L and Zavarise, P and Volynets, O},
  publisher    = {IOP Publishing},
  url          = {http://stacks.iop.org/1748-0221/6/i=08/a=P08013?key=crossref.d8a1346f280a7e98c6878e4cd7e0ed32},
  year         = {2011},
  doi          = {10.1088/1748-0221/6/08/P08013},
  journal      = {J. Instrum.},
  number       = {08},
  pages        = {P08013--P08013},
  title        = {{GELATIO: a general framework for modular digital analysis of high-purity Ge detector signals}},
  volume       = {6}
}

@article{Agostini2011b,
  author       = {Agostini, M and Ur, C A and Budjáš, D and Bellotti, E and Brugnera, R and Cattadori, C M and di Vacri, A and Garfagnini, A and Pandola, L and Schönert, S},
  publisher    = {IOP Publishing},
  url          = {http://stacks.iop.org/1748-0221/6/i=03/a=P03005?key=crossref.39ae55c73410fafc45bd9aeb79ded867},
  year         = {2011},
  doi          = {10.1088/1748-0221/6/03/P03005},
  journal      = {J. Instrum.},
  number       = {03},
  pages        = {P03005--P03005},
  title        = {{Signal modeling of high-purity Ge detectors with a small read-out electrode and application to neutrinoless double beta decay search in $^{76}$Ge}},
  volume       = {6}
}

@article{Meierhofer2011,
  author       = {Meierhofer, G.},
  authortype   = {\gerda\ collaboration},
  publisher    = {IOP Publishing},
  url          = {http://stacks.iop.org/1742-6596/312/i=7/a=072011?key=crossref.0238671f800c4e1c029bea666e541f2b},
  year         = {2011},
  doi          = {10.1088/1742-6596/312/7/072011},
  journal      = {J. Phys. Conf. Ser.},
  number       = {7},
  pages        = {072011},
  title        = {{\gerda\ - a new neutrinoless double beta experiment using $^{76}$Ge}},
  volume       = {312}
}

@inproceedings{Abt2010,
  author    = {Abt, I. and Caldwell, A. and Lenz, D. and Janicsko, J. and Liu, J. and Liu, X. and Majorovits, B. and Stelzer, F.},
  booktitle = {J. Phys. Conf. Ser.},
  year      = {2010},
  doi       = {10.1088/1742-6596/203/1/012135},
  title     = {{First operation of an 18-fold segmented n-type HPGe detector in liquid nitrogen}}
}

@article{GonzalezdeOrduna2010,
  author       = {{González de Orduña}, Raquel and Hult, Mikael and Andreotti, Erica and Budjáš, Dušan and Schönert, Stefan and Misiaszek, Marcin},
  url          = {http://link.springer.com/10.1007/s10967-010-0729-8},
  year         = {2010},
  doi          = {10.1007/s10967-010-0729-8},
  journal      = {J. Radioanal. Nucl. Ch.},
  number       = {2},
  pages        = {477--482},
  title        = {{Pulse shape analysis to reduce the background of BEGe detectors}},
  volume       = {286}
}

@article{Heider2010,
  author       = {Heider, M Barnabé and Budjáš, D and Gusev, K and Schönert, S},
  publisher    = {IOP Publishing},
  url          = {http://stacks.iop.org/1748-0221/5/i=10/a=P10007?key=crossref.75e9a33d5da340a84f49746d00716e4c},
  year         = {2010},
  doi          = {10.1088/1748-0221/5/10/P10007},
  journal      = {J. Instrum.},
  number       = {10},
  pages        = {P10007--P10007},
  title        = {{Operation and performance of a bare broad-energy germanium detector in liquid argon}},
  volume       = {5}
}

@article{Meierhofer2010,
  author       = {Meierhofer, G. and Grabmayr, P. and Jochum, J. and Kudejova, P. and Canella, L. and Jolie, J.},
  publisher    = {American Physical Society},
  url          = {https://link.aps.org/doi/10.1103/PhysRevC.81.027603},
  year         = {2010},
  doi          = {10.1103/PhysRevC.81.027603},
  journal      = {Phys. Rev. C},
  number       = {2},
  pages        = {027603},
  title        = {{Thermal neutron capture cross section of $^{74}$Ge}},
  volume       = {81}
}

@article{Pullia2010,
  author       = {Pullia, Alberto and Zocca, Francesca and Riboldi, Stefano and Budjas, Dusan and D'Andragora, Alessio and Cattadori, Carla},
  url          = {http://ieeexplore.ieee.org/document/5446495/},
  year         = {2010},
  doi          = {10.1109/TNS.2009.2038697},
  journal      = {IEEE T. Nucl. Sci.},
  number       = {2},
  pages        = {737--742},
  title        = {{Cryogenic Performance of a Low-Noise JFET-CMOS Preamplifier for HPGe Detectors}},
  volume       = {57}
}

@article{Smolnikov2010,
  author       = {Smolnikov, Anatoly and Grabmayr, Peter},
  publisher    = {American Physical Society},
  url          = {https://link.aps.org/doi/10.1103/PhysRevC.81.028502},
  year         = {2010},
  doi          = {10.1103/PhysRevC.81.028502},
  journal      = {Phys. Rev. C},
  number       = {2},
  pages        = {028502},
  title        = {{Conversion of experimental half-life to effective electron neutrino mass in $0\nu\beta\beta$ decay}},
  volume       = {81}
}

@article{Vermaercke2010,
  author       = {Vermaercke, P. and Hult, M. and Verheyen, L. and {Farina Arboccò}, F.},
  publisher    = {North-Holland},
  url          = {https://www.sciencedirect.com/science/article/pii/S0168900209024036?via%7B%5C%%7D3Dihub},
  year         = {2010},
  doi          = {10.1016/J.NIMA.2009.12.066},
  journal      = {Nucl. Instrum. Meth. A},
  number       = {2},
  pages        = {433--437},
  title        = {{Measurement of the isotopic composition of germanium by k0-INAA and INAA}},
  volume       = {622}
}

@article{Barabanov2009,
  author       = {Barabanov, I. and Bezrukov, L. and Demidova, E. and Gurentsov, V. and Kianovsky, S. and Knöpfle, K. T. and Kornouhkov, V. and Schwingenheuer, B. and Vasenko, A.},
  year         = {2009},
  volume       = {606},
  number       = {3},
  pages        = {790--794},
  doi          = {10.1016/j.nima.2009.04.006},
  journal      = {Nucl. Instrum. Meth. A},
  keywords     = {Cryogenic liquid,Double beta decay,Ge detector,Low background},
  title        = {{Shielding of the \gerda\ experiment against external gamma background}}
}

@article{Budjas2009,
  author       = {Budjáš, Dušan and Heider, Marik Barnabé and Chkvorets, Oleg and Khanbekov, Nikita and Schönert, Stefan},
  year         = {2009},
  doi          = {10.1088/1748-0221/4/10/P10007},
  eprint       = {arXiv:0909.4044},
  journal      = {J. Instrum.},
  keywords     = {Gamma detectors (scintillators,CZT,HPG,HgI etc),Particle identification methods},
  title        = {{Pulse shape discrimination studies with a Broad-Energy Germanium detector for signal identification and background suppression in the \gerda\ double beta decay experiment}}
}

@article{Kay2009,
  author       = {Kay, B. P. and Schiffer, J. P. and Freeman, S. J. and Adachi, T. and Clark, J. A. and Deibel, C. M. and Fujita, H. and Fujita, Y. and Grabmayr, P. and Hatanaka, K. and Ishikawa, D. and Matsubara, H. and Meada, Y. and Okamura, H. and Rehm, K. E. and Sakemi, Y. and Shimizu, Y. and Shimoda, H. and Suda, K. and Tameshige, Y. and Tamii, A. and Wrede, C.},
  year         = {2009},
  doi          = {10.1103/PhysRevC.79.021301},
  eprint       = {arXiv:0810.4108},
  isbn         = {0556-2813},
  journal      = {Phys. Rev. C},
  title        = {{Nuclear structure relevant to neutrinoless double $\beta$ decay: The valence protons in $^{76}$Ge and $^{76}$Se}}
}

@article{Laubenstein2009,
  author       = {Laubenstein, M. and Heusser, G.},
  year         = {2009},
  doi          = {10.1016/j.apradiso.2009.01.029},
  journal      = {Appl. Radiat. Isotopes},
  keywords     = {Cosmic ray activation,Disequilibrium in 238U and 232Th decay chains,Germanium gamma spectroscopy,Low-radioactivity},
  title        = {{Cosmogenic radionuclides in metals as indicator for sea level exposure history}}
}

@article{Marganiec2009,
  author       = {Marganiec, J. and Dillmann, I. and Pardo, C. Domingo and Käppeler, F. and Reifarth, R. and Gallino, R. and Pignatari, M. and Grabmayr, P.},
  year         = {2009},
  doi          = {10.1103/PhysRevC.79.065802},
  journal      = {Phys. Rev. C},
  title        = {{Neutron capture cross sections of $^{74}$Ge, $^{76}$Ge, and $^{75}$As at 25 keV}}
}

@article{Meierhofer2009,
  author       = {Meierhofer, G. and Kudejova, P. and Canella, L. and Grabmayr, P. and Jochum, J. and Jolie, J.},
  year         = {2009},
  volume       = {40},
  number       = {1},
  pages        = {61--64},
  doi          = {10.1140/epja/i2008-10741-0},
  journal      = {Eur. Phys. J. A},
  title        = {{Thermal neutron capture cross-section of $^{76}$Ge}},
  url          = {https://doi.org/10.1140/epja/i2008-10741-0}
}

@inproceedings{Abt2008,
  author     = {Abt, I. and Caldwell, A. and Kröninger, K. and Liu, J. and Liu, X. and Majorovits, B.},
  booktitle  = {Eur. Phys. J. A},
  year       = {2008},
  doi        = {10.1140/epja/i2007-10553-8},
  eprint     = {arXiv:0711.2255},
  isbn       = {0761924914},
  title      = {{Neutron interactions as seen by a segmented germanium detector}}
}

@article{Abt2008a,
  author       = {Abt, I. and Caldwell, A. and Kröninger, K. and Liu, J. and Liu, X. and Majorovits, B.},
  year         = {2008},
  doi          = {10.1140/epjc/s10052-008-0555-0},
  journal      = {Eur. Phys. J. C},
  title        = {{Test of pulse shape analysis using single Compton scattering events}}
}

@misc{Maneschg2008,
  author    = {Maneschg, W. and Laubenstein, M. and Budjáš, D. and Hampel, W. and Heusser, G. and Knöpfle, K. T. and Schwingenheuer, B. and Simgen, H.},
  booktitle = {Nucl. Instrum. Meth. A},
  year      = {2008},
  doi       = {10.1016/j.nima.2008.05.036},
  isbn      = {0168-9002},
  keywords  = {Double beta decay,Gamma spectroscopy,Low-radioactivity,Stainless steel},
  title     = {{Measurements of extremely low radioactivity levels in stainless steel for \gerda}}
}

@article{Peiffer2008,
  author       = {Peiffer, P and Pollmann, T and Schönert, S and Smolnikov, A and Vasiliev, S},
  url          = {http://stacks.iop.org/1748-0221/3/i=08/a=P08007?key=crossref.c3b7007b577d2afc1e20d58d284e54b2},
  year         = {2008},
  doi          = {10.1088/1748-0221/3/08/P08007},
  journal      = {J. Instrum.},
  number       = {08},
  pages        = {P08007--P08007},
  title        = {{Pulse shape analysis of scintillation signals from pure and xenon-doped liquid argon for radioactive background identification}},
  volume       = {3}
}

@article{Abt2007,
  author       = {Abt, I. and Altmann, M. and Caldwell, A. and Kröninger, K. and Liu, X. and Majorovits, B. and Pandola, L. and Tomei, C.},
  year         = {2007},
  doi          = {10.1016/j.nima.2006.10.188},
  journal      = {Nucl. Instrum. Meth. A},
  keywords     = {Double beta decay,Germanium detectors,Segmentation},
  title        = {{Background reduction in neutrinoless double beta decay experiments using segmented detectors-A Monte Carlo study for the \gerda\ setup}}
}

@article{Abt2007b,
  author       = {Abt, I. and Caldwell, A. and Gutknecht, D. and Kröninger, K. and Lampert, M. and Liu, X. and Majorovits, B. and Quirion, D. and Stelzer, F. and Wendling, P.},
  year         = {2007},
  doi          = {10.1016/j.nima.2007.03.035},
  journal      = {Nucl. Instrum. Meth. A},
  keywords     = {Double beta decay,Germanium detectors,Segmentation},
  title        = {{Characterization of the first true coaxial 18-fold segmented n-type prototype HPGe detector for the \gerda\ project}}
}

@article{Abt2007a,
  author       = {Abt, I. and Caldwell, A. and Kröninger, K. and Liu, J. and Liu, X. and Majorovits, B.},
  year         = {2007},
  doi          = {10.1140/epjc/s10052-007-0390-8},
  journal      = {Eur. Phys. J. C},
  title        = {{Pulse shapes from electron and photon induced events in segmented high-purity germanium detectors}}
}

@article{Abt2007c,
  author       = {Abt, I. and Caldwell, A. and Kröninger, K. and Liu, J. and Liu, X. and Majorovits, B.},
  year         = {2007},
  doi          = {10.1016/j.nima.2007.09.017},
  eprint       = {arXiv:0701005v1},
  journal      = {Nucl. Instrum. Meth. A},
  keywords     = {Double beta-decay,Germanium detectors,Segmentation},
  title        = {{Identification of photons in double beta-decay experiments using segmented germanium detectors-Studies with a \gerda\ phase II prototype detector}}
}

@article{Pandola2007,
  author       = {Pandola, L. and Bauer, M. and Kröninger, K. and Liu, X. and Tomei, C. and Belogurov, S. and Franco, D. and Klimenko, A. and Knapp, M.},
  year         = {2007},
  volume       = {570},
  number       = {1},
  pages        = {149--158},
  doi          = {10.1016/j.nima.2006.10.103},
  journal      = {Nucl. Instrum. Meth. A},
  keywords     = {Cosmic ray background,Neutrinoless double beta decay},
  title        = {{Monte Carlo evaluation of the muon-induced background in the \gerda\ double beta decay experiment}}
}

@article{Caldwell2006,
  author       = {Caldwell, A. and Kröninger, K.},
  year         = {2006},
  doi          = {10.1103/PhysRevD.74.092003},
  eprint       = {arXiv:0608249},
  isbn         = {9789290833673},
  journal      = {Phys. Rev. D},
  title        = {{Signal discovery in sparse spectra: A Bayesian analysis}}
}

@misc{gerda-proposal,
    author     = {Abt, I. and others},
    year       = {2004},
    title      = {{\textsc{Gerda}: The GERmanium Detector Array for the search of neutrinoless $\beta\beta$ decays of $^{76}$Ge at LNGS}},
    howpublished = "\url{https://www.mpi-hd.mpg.de/gerda/proposal.pdf}"
}
