@misc{gerda-proposal,
    author       = {Abt, I. and others},
    year         = {2004},
    title        = {{\textsc{Gerda}: The GERmanium Detector Array for the search of neutrinoless $\beta\beta$ decays of $^{76}$Ge at LNGS}},
    howpublished = "\url{https://www.mpi-hd.mpg.de/gerda/proposal.pdf}"
}

@article{Agostini2011,
      author         = "Agostini, M. and Pandola, L. and Zavarise, P. and Volynets, O.",
      title          = "{GELATIO: A General framework for modular digital analysis of high-purity Ge detector signals}",
      journal        = "JINST",
      volume         = "6",
      year           = "2011",
      pages          = "P08013",
      doi            = "10.1088/1748-0221/6/08/P08013",
      eprint         = "1106.1780",
      archivePrefix  = "arXiv",
      primaryClass   = "physics.data-an",
}

@article{Budjas2013,
      author        = "Budjas, D. and others",
      collaboration = "Gerda",
      title         = "{Isotopically modified Ge detectors for {\sc Gerda}: from production to operation}",
      journal       = "JINST",
      volume        = "8",
      year          = "2013",
      pages         = "P04018",
      doi           = "10.1088/1748-0221/8/04/P04018",
      eprint        = "1303.6768",
      archivePrefix = "arXiv",
      primaryClass  = "physics.ins-det",
}

@article{Agostini2015,
    author        = "Agostini, M. and others",
    title         = "{Improvement of the energy resolution via an optimized digital signal processing in \textsc{Gerda} Phase I}",
    collaboration = "Gerda",
    journal       = "Eur. Phys. J.",
    volume        = "C75",
    year          = "2015",
    number        = "6",
    pages         = "255",
    doi           = "10.1140/epjc/s10052-015-3409-6",
    eprint        = "1502.04392",
    archivePrefix = "arXiv",
    primaryClass  = "physics.ins-det",
}

@article{Agostini2015a,
    author        = "Agostini, M. and others",
    title         = "{Results on $\beta\beta$ decay with emission of two neutrinos or Majorons in $^{76}$Ge from GERDA Phase I}",
    collaboration = "Gerda",
    journal       = "Eur. Phys. J.",
    volume        = "C75",
    year          = "2015",
    number        = "9",
    pages         = "416",
    doi           = "10.1140/epjc/s10052-015-3627-y",
    eprint        = "1501.02345",
    archivePrefix = "arXiv",
    primaryClass  = "nucl-ex",
}

@article{Agostini2015e,
    author        = "Agostini, M. and others",
    title         = "{Production, characterization and operation of $^{76}$Ge enriched BEGe detectors in \textsc{Gerda}}",
    collaboration = "Gerda",
    journal       = "Eur. Phys. J.",
    volume        = "C75",
    year          = "2015",
    number        = "2",
    pages         = "39",
    doi           = "10.1140/epjc/s10052-014-3253-0",
    eprint        = "1410.0853",
    archivePrefix = "arXiv",
    primaryClass  = "physics.ins-det",
}

@article{Baudis2015,
    author        = "Baudis, L. and others",
    title         = "{Production and characterization of $^{228}$Th calibration sources with low neutron emission for GERDA}",
    journal       = "JINST",
    volume        = "10",
    year          = "2015",
    number        = "12",
    pages         = "P12005",
    doi           = "10.1088/1748-0221/10/12/P12005",
    eprint        = "1508.05731",
    archivePrefix = "arXiv",
    primaryClass  = "physics.ins-det",
}

@inproceedings{Riboldi2015,
    author    = {S. {Riboldi} and C. {Cattadori} and E. {Ferri} and F. {Salamida} and V. {D'Andrea} and A. {Di Vacri} and C. {Macolino} and G. {Benato}},
    booktitle = {2015 4th International Conference on Advancements in Nuclear Instrumentation Measurement Methods and their Applications (ANIMMA)},
    title     = {Cryogenic readout techniques for Germanium detectors},
    year      = {2015},
    pages     = {1-6},
    doi       = {10.1109/ANIMMA.2015.7465549},
}

@article{Agostini2016,
    author    = "Agostini, M. and others",
    title     = "{Search of Neutrinoless Double Beta Decay with the \textsc{Gerda} Experiment}",
    booktitle = "{Proceedings, 37th International Conference on High Energy Physics (ICHEP 2014): Valencia, Spain, July 2-9, 2014}",
    journal   = "Nucl. Part. Phys. Proc.",
    volume    = "273-275",
    year      = "2016",
    pages     = "1876-1882",
    doi       = "10.1016/j.nuclphysbps.2015.09.303",
}

@article{Freund2016,
    author        = "Freund, K. and others",
    title         = "{The Performance of the Muon Veto of the \textsc{Gerda} Experiment}",
    journal       = "Eur. Phys. J.",
    volume        = "C76",
    year          = "2016",
    number        = "5",
    pages         = "298",
    doi           = "10.1140/epjc/s10052-016-4140-7",
    eprint        = "1601.05935",
    archivePrefix = "arXiv",
    primaryClass  = "physics.ins-det",
}

@article{Agostini2018a,
    author        = "Agostini, M. and others",
    title         = "{Upgrade for Phase II of the Gerda experiment}",
    collaboration = "Gerda",
    journal       = "Eur. Phys. J.",
    volume        = "C78",
    year          = "2018",
    number        = "5",
    pages         = "388",
    doi           = "10.1140/epjc/s10052-018-5812-2",
    eprint        = "1711.01452",
    archivePrefix = "arXiv",
    primaryClass  = "physics.ins-det",
}

@article{Wiesinger2018,
    author        = "Wiesinger, Christoph and Pandola, Luciano and Sch√∂nert, Stefan",
    title         = "{Virtual depth by active background suppression: Revisiting the cosmic muon induced background of \textsc{Gerda} Phase II}",
    journal       = "Eur. Phys. J.",
    volume        = "C78",
    year          = "2018",
    number        = "7",
    pages         = "597",
    doi           = "10.1140/epjc/s10052-018-6079-3",
    eprint        = "1802.05040",
    archivePrefix = "arXiv",
    primaryClass  = "hep-ex",
}

@article{Agostini2019,
    author        = "Agostini, M. and others",
    title         = "{Characterization of 30$^{76}$Ge enriched Broad Energy Ge detectors for \textsc{Gerda} Phase II}",
    collaboration = "Gerda",
    journal       = "Eur. Phys. J.",
    volume        = "C79",
    year          = "2019",
    number        = "11",
    pages         = "978",
    doi           = "10.1140/epjc/s10052-019-7353-8",
    eprint        = "1901.06590",
    archivePrefix = "arXiv",
    primaryClass  = "physics.ins-det",
}

@article{Agostini2019a,
    author        = "Agostini, M. and others",
    title         = "{Probing Majorana neutrinos with double-$\beta$ decay}",
    collaboration = "Gerda",
    journal       = "Science",
    volume        = "365",
    year          = "2019",
    pages         = "1445",
    doi           = "10.1126/science.aav8613",
    eprint        = "1909.02726",
    archivePrefix = "arXiv",
    primaryClass  = "hep-ex",
}
