@article{Meierhofer2009,
  author       = {Meierhofer, G. and Kudejova, P. and Canella, L. and Grabmayr, P. and Jochum, J. and Jolie, J.},
  year         = {2009},
  volume       = {40},
  number       = {1},
  pages        = {61--64},
  doi          = {10.1140/epja/i2008-10741-0},
  journal      = {Eur. Phys. J. A},
  title        = {{Thermal neutron capture cross-section of $^{76}$Ge}},
  url          = {https://doi.org/10.1140/epja/i2008-10741-0}
}

@article{Meierhofer2010,
  author       = {Meierhofer, G. and Grabmayr, P. and Jochum, J. and Kudejova, P. and Canella, L. and Jolie, J.},
  publisher    = {American Physical Society},
  url          = {https://link.aps.org/doi/10.1103/PhysRevC.81.027603},
  year         = {2010},
  doi          = {10.1103/PhysRevC.81.027603},
  journal      = {Phys. Rev. C},
  number       = {2},
  pages        = {027603},
  title        = {{Thermal neutron capture cross section of $^{74}$Ge}},
  volume       = {81}
}

@article{Meierhofer2012,
  author       = {Meierhofer, G. and Grabmayr, P. and Canella, L. and Kudejova, P. and Jolie, J. and Warr, N.},
  publisher    = {Springer Berlin Heidelberg},
  url          = {http://link.springer.com/10.1140/epja/i2012-12020-y},
  year         = {2012},
  doi          = {10.1140/epja/i2012-12020-y},
  journal      = {Eur. Phys. J. A},
  number       = {2},
  pages        = {20},
  title        = {{Prompt $\gamma$ rays in $^{77}$Ge and $^{75}$Ge after thermal neutron capture}},
  volume       = {48}
}
