@article{Jortner1965,
    author  = "Jortner, J. and others",
    title   = "{Localized Excitations in Condensed Ne, Ar, Kr, and Xe}",
    journal = "J. Chem. Phys.",
    year    = "1965",
    volume  = "42",
    number  = "12",
    pages   = "4250--4253",
    doi     = "10.1063/1.1695927",
}

@book{McCusker1984,
    author    = "McCusker, M. V.",
    title     = "{Excimer Lasers}",
    series    = "{Topics in Applied Physics}",
    volume    = "30",
    editor    = "Rhodes, Ch. K.",
    year      = "1984",
    chapter   = "3",
    publisher = "Springer-Verlag Berlin Heidelberg",
    doi       = "10.1007/3-540-13013-6"
}

@article{Heindl2010,
    author         = "Heindl, T. and others",
    title          = "{The scintillation of liquid argon}",
    journal        = "EPL",
    volume         = "91",
    year           = "2010",
    number         = "6",
    pages          = "62002",
    doi            = "10.1209/0295-5075/91/62002",
    eprint         = "1511.07718",
    archivePrefix  = "arXiv",
    primaryClass   = "physics.ins-det",
}

@article{Doke2002,
    author         = "Doke, T. and others",
    title          = "{Absolute Scintillation Yields in Liquid Argon and Xenon for Various Particles}",
    journal        = "Jap. J. Appl. Phys.",
    volume         = "41",
    year           = "2002",
    pages          = "1538-1545",
    doi            = "10.1143/JJAP.41.1538",
}

@article{Doke1988,
    author         = "Doke, T. and others",
    title          = "{Let Dependence of Scintillation Yields in Liquid Argon}",
    journal        = "Nucl. Instrum. Meth.",
    volume         = "A269",
    year           = "1988",
    pages          = "291-296",
    doi            = "10.1016/0168-9002(88)90892-3",
}
