@article{Colladay1997,
    title     = {$\mathrm{CPT}$ violation and the standard model},
    author    = {Colladay, Don and Kosteleck\'y, V. Alan},
    journal   = {Phys.~Rev.~D},
    volume    = {55},
    issue     = {11},
    pages     = {6760--6774},
    numpages  = {0},
    year      = {1997},
    month     = {Jun},
    publisher = {American Physical Society},
    doi       = {10.1103/PhysRevD.55.6760},
    url       = {https://link.aps.org/doi/10.1103/PhysRevD.55.6760}
}
@article{Colladay1998,
    title     = {Lorentz-violating extension of the standard model},
    author    = {Colladay, D. and Kosteleck\'y, V. Alan},
    journal   = {Phys.~Rev.~D},
    volume    = {58},
    issue     = {11},
    pages     = {116002},
    numpages  = {23},
    year      = {1998},
    month     = {Oct},
    publisher = {American Physical Society},
    doi       = {10.1103/PhysRevD.58.116002},
    url       = {https://link.aps.org/doi/10.1103/PhysRevD.58.116002}
}
@article{Kostelecky2012,
    title     = {Neutrinos with Lorentz-violating operators of arbitrary dimension},
    author    = {Kosteleck\'y, V.~Alan and Mewes, Matthew},
    journal   = {Phys.~Rev.~D},
    volume    = {85},
    issue     = {9},
    pages     = {096005},
    numpages  = {36},
    year      = {2012},
    month     = {May},
    publisher = {American Physical Society},
    doi       = {10.1103/PhysRevD.85.096005},
    url       = {https://link.aps.org/doi/10.1103/PhysRevD.85.096005}
}
@article{Kostelecky2009,
    title     = {Prospects for Large Relativity Violations in Matter-Gravity Couplings},
    author    = {Kosteleck\'y, V. Alan and Tasson, Jay D.},
    journal   = {Phys.~Rev.~Lett.},
    volume    = {102},
    issue     = {1},
    pages     = {010402},
    numpages  = {4},
    year      = {2009},
    month     = {Jan},
    publisher = {American Physical Society},
    doi       = {10.1103/PhysRevLett.102.010402},
    url       = {https://link.aps.org/doi/10.1103/PhysRevLett.102.010402}
}
@article{Bluhm2003,
    title     = {Probing Lorentz and $\mathrm{CPT}$ violation with space-based experiments},
    author    = {Bluhm, Robert and Kosteleck\'y, V. Alan and Lane, Charles D. and Russell, Neil},
    journal   = {Phys.~Rev.~D},
    volume    = {68},
    issue     = {12},
    pages     = {125008},
    numpages  = {14},
    year      = {2003},
    month     = {Dec},
    publisher = {American Physical Society},
    doi       = {10.1103/PhysRevD.68.125008},
    url       = {https://link.aps.org/doi/10.1103/PhysRevD.68.125008}
}
@article{Kostelecky2002,
    title     = {Signals for Lorentz violation in electrodynamics},
    author    = {Kosteleck\'y, V.~Alan and Mewes, Matthew},
    journal   = {Phys.~Rev.~D},
    volume    = {66},
    issue     = {5},
    pages     = {056005},
    numpages  = {24},
    year      = {2002},
    month     = {Sep},
    publisher = {American Physical Society},
    doi       = {10.1103/PhysRevD.66.056005},
    url       = {https://link.aps.org/doi/10.1103/PhysRevD.66.056005}
}
