@article{Bideau-Mehu1981,
    author    = {Bideau-Mehu, A. and others},
    doi       = {10.1016/0022-4073(81)90057-1},
    issue     = {5},
    journal   = {J. Quant. Spectrosc. Radiat. Transf.},
    month     = {5},
    pages     = {395--402},
    publisher = {Elsevier BV},
    title     = {Measurement of refractive indices of neon, argon, krypton and xenon in the 253.7--140.4 nm wavelength range. Dispersion relations and estimated oscillator strengths of the resonance lines},
    type      = {article},
    volume    = {25},
    year      = {1981},
}

@article{Seidel2002,
    author        = "Seidel, G. M. and Lanou, R. E. and Yao, W.",
    title         = "{Rayleigh scattering in rare gas liquids}",
    eprint        = "hep-ex/0111054",
    archivePrefix = "arXiv",
    doi           = "10.1016/S0168-9002(02)00890-2",
    journal       = "Nucl. Instrum. Meth. A",
    volume        = "489",
    pages         = "189--194",
    year          = "2002"
}

@article{Doke2002,
    author  = "Doke, T. and others",
    title   = "{Absolute Scintillation Yields in Liquid Argon and Xenon for Various Particles}",
    doi     = "10.1143/JJAP.41.1538",
    journal = "Jap. J. Appl. Phys.",
    volume  = "41",
    pages   = "1538--1545",
    year    = "2002"
}

@article{Barros2020,
    author        = "Barros, N. and others",
    title         = "{In-situ measurement of the scintillation light attenuation in liquid argon in the \textsc{Gerda} experiment}",
    eprint        = "1906.11589",
    archivePrefix = "arXiv",
    primaryClass  = "physics.ins-det",
    doi           = "10.1016/j.nima.2019.163059",
    journal       = "Nucl. Instrum. Meth. A",
    volume        = "953",
    pages         = "163059",
    year          = "2020"
}

@article{Doke1976,
    author  = "Doke, T. and others",
    title   = "{Estimation of Fano factors in liquid argon, krypton, xenon and xenon-doped liquid argon}",
    doi     = "10.1016/0029-554X(76)90292-5",
    journal = "Nucl. Instrum. Meth.",
    volume  = "134",
    pages   = "353--357",
    year    = "1976"
}

@phdthesis{Wegmann2017,
    author = "Wegmann, A. C.",
    title  = "{Characterization of the liquid argon veto of the \textsc{Gerda} experiment and its application for the measurement of the $^{76}$Ge half-life}",
    doi    = "10.11588/heidok.00022568",
    school = "U. Heidelberg (main)",
    year   = "2017"
}

@article{Marton1967,
    author    = {Marton, L. and Toots, J.},
    doi       = {10.1103/physrev.160.602},
    issue     = {3},
    journal   = {Phys. Rev.},
    month     = {8},
    pages     = {602--606},
    publisher = {American Physical Society (APS)},
    title     = {Optical Properties of Germanium in the Far Ultraviolet},
    type      = {article},
    volume    = {160},
    year      = {1967},
}

@article{Francini2013,
    author        = "Francini, R. and others",
    title         = "{VUV-Vis optical characterization of Tetraphenyl-butadiene films on glass and specular reflector substrates from room to liquid Argon temperature}",
    eprint        = "1304.6117",
    archivePrefix = "arXiv",
    primaryClass  = "physics.ins-det",
    doi           = "10.1088/1748-0221/8/09/P09006",
    month         = "4",
    year          = "2013"
}

@article{Janecek2012,
    author    = {Janecek, M.},
    doi       = {10.1109/tns.2012.2183385},
    issue     = {3},
    journal   = {IEEE Trans. Nucl. Sci.},
    month     = {6},
    pages     = {490--497},
    publisher = {Institute of Electrical and Electronics Engineers (IEEE)},
    title     = {Reflectivity Spectra for Commonly Used Reflectors},
    type      = {article},
    volume    = {59},
    year      = {2012},
}

@article{Agostini2017a,
    author        = "Agostini, M. and others",
    collaboration = "Borexino",
    title         = "{The Monte Carlo simulation of the Borexino detector}",
    eprint        = "1704.02291",
    archivePrefix = "arXiv",
    primaryClass  = "physics.ins-det",
    doi           = "10.1016/j.astropartphys.2017.10.003",
    journal       = "Astropart. Phys.",
    volume        = "97",
    pages         = "136--159",
    year          = "2018"
}

@misc{MolbaseTPB,
    title = "{MOLBASE database}",
    url   = {http://www.molbase.com/en/overview_1450-63-1-moldata-77892.html}
}

@article{Gehman2011,
    author        = "Gehman, V. M. and others",
    title         = "{Fluorescence Efficiency and Visible Re-emission Spectrum of Tetraphenyl Butadiene Films at Extreme Ultraviolet Wavelengths}",
    journal       = "Nucl. Instrum. Meth.",
    volume        = "A654",
    year          = "2011",
    pages         = "116-121",
    doi           = "10.1016/j.nima.2011.06.088",
    eprint        = "1104.3259",
    archivePrefix = "arXiv",
    primaryClass  = "astro-ph.IM",
    reportNumber  = "LA-UR-11-10447",
}

@article{Benson2017,
    author        = "Benson, C. and others",
    title         = "{Measurements of the intrinsic quantum efficiency and absorption length of tetraphenyl butadiene thin films in the vacuum ultraviolet regime}",
    journal       = "Eur. Phys. J.",
    volume        = "C78",
    year          = "2018",
    number        = "4",
    pages         = "329",
    doi           = "10.1140/epjc/s10052-018-5807-z, 10.1140/s10052-018-5807-z",
    eprint        = "1709.05002",
    archivePrefix = "arXiv",
    primaryClass  = "physics.ins-det",
}

@article{Baudis2015a,
    author        = "Baudis, L. and others",
    title         = "{Enhancement of Light Yield and Stability of Radio-Pure Tetraphenyl-Butadiene Based Coatings for VUV Light Detection in Cryogenic Environments}",
    journal       = "JINST",
    volume        = "10",
    year          = "2015",
    number        = "09",
    pages         = "P09009",
    doi           = "10.1088/1748-0221/10/09/P09009",
    eprint        = "1503.05349",
    archivePrefix = "arXiv",
    primaryClass  = "physics.ins-det",
}

@misc{FibersData,
    title = "{BCF-91A Fibers datasheet}",
    url   = "https://www.crystals.saint-gobain.com/sites/imdf.crystals.com/files/documents/fiber-brochure.pdf"
}

@article{Babicz2018,
    author  = "Babicz, M. and others",
    editor  = "Batignani, G. and others",
    title   = "{Experimental study of the propagation of scintillation light in Liquid Argon}",
    doi     = "10.1016/j.nima.2018.10.082",
    journal = "Nucl. Instrum. Meth. A",
    volume  = "936",
    pages   = "178--179",
    year    = "2019"
}

@phdthesis{Walter2015,
    title    = {Background Reduction Techniques for the \textsc{Gerda} Experiment},
    school   = {University of Zurich},
    author   = {Walter, M.},
    year     = {2015},
    doi      = {10.5167/uzh-113939}
}
