@article{Chikashige1981,
    title   = "Are there real goldstone bosons associated with broken lepton number?",
    journal = "Physics Letters B",
    volume  = "98",
    number  = "4",
    pages   = "265 - 268",
    year    = "1981",
    issn    = "0370-2693",
    doi     = "https://doi.org/10.1016/0370-2693(81)90011-3",
    url     = "http://www.sciencedirect.com/science/article/pii/0370269381900113",
    author  = "Y. Chikashige and R.N. Mohapatra and R.D. Peccei"
}

@article{Schechter1982,
    title     = {Neutrino decay and spontaneous violation of lepton number},
    author    = {Schechter, J. and Valle, J. W. F.},
    journal   = {Phys. Rev. D},
    volume    = {25},
    issue     = {3},
    pages     = {774--783},
    numpages  = {0},
    year      = {1982},
    month     = {Feb},
    publisher = {American Physical Society},
    doi       = {10.1103/PhysRevD.25.774},
    url       = {https://link.aps.org/doi/10.1103/PhysRevD.25.774}
}

@article{Gelmini1981,
    title   = "Left-handed neutrino mass scale and spontaneously broken lepton number",
    journal = "Physics Letters B",
    volume  = "99",
    number  = "5",
    pages   = "411 - 415",
    year    = "1981",
    issn    = "0370-2693",
    doi     = "https://doi.org/10.1016/0370-2693(81)90559-1",
    url     = "http://www.sciencedirect.com/science/article/pii/0370269381905591",
    author  = "G.B. Gelmini and M. Roncadelli",
}

@article{Georgi1981,
    title   = "Unconventional model of neutrino masses",
    journal = "Nuclear Physics B",
    volume  = "193",
    number  = "2",
    pages   = "297 - 316",
    year    = "1981",
    issn    = "0550-3213",
    doi     = "https://doi.org/10.1016/0550-3213(81)90336-9",
    url     = "http://www.sciencedirect.com/science/article/pii/0550321381903369",
    author  = "Howard M. Georgi and Sheldon Lee Glashow and Shmuel Nussinov",
}

@article{Berezhiani1992,
    title   = "Observable majoron emission in neutrinoless double beta decay",
    journal = "Physics Letters B",
    volume  = "291",
    number  = "1",
    pages   = "99 - 105",
    year    = "1992",
    issn    = "0370-2693",
    doi     = "https://doi.org/10.1016/0370-2693(92)90126-O",
    url     = "http://www.sciencedirect.com/science/article/pii/037026939290126O",
    author  = "Z.G. Berezhiani and A.Yu. Smirnov and J.W.F. Valle"
}

@article{Burgess1993,
    title   = "Majorons without majorana masses and neutrinoless double beta decay",
    journal = "Physics Letters B",
    volume  = "298",
    number  = "1",
    pages   = "141 - 148",
    year    = "1993",
    issn    = "0370-2693",
    doi     = "https://doi.org/10.1016/0370-2693(93)91720-8",
    url     = "http://www.sciencedirect.com/science/article/pii/0370269393917208",
    author  = "C.P. Burgess and J.M. Cline"
}

@article{Burgess1994,
    title     = {New class of Majoron-emitting double-$\ensuremath{\beta}$ decays},
    author    = {Burgess, C. P. and Cline, J. M.},
    journal   = {Phys. Rev. D},
    volume    = {49},
    issue     = {11},
    pages     = {5925--5944},
    year      = {1994},
    month     = {Jun},
    publisher = {American Physical Society},
    doi       = {10.1103/PhysRevD.49.5925},
    url       = {https://link.aps.org/doi/10.1103/PhysRevD.49.5925}
}

@article{Masiero1990,
    title   = "A model for spontaneous R parity breaking",
    journal = "Physics Letters B",
    volume  = "251",
    number  = "2",
    pages   = "273 - 278",
    year    = "1990",
    issn    = "0370-2693",
    doi     = "https://doi.org/10.1016/0370-2693(90)90935-Y",
    url     = "http://www.sciencedirect.com/science/article/pii/037026939090935Y",
    author  = "A. Masiero and J.W.F. Valle"
}

@book{Mohpatra2004,
    title     = {Massive Neutrinos in Physics and Astrophysics},
    author    = {Mohapatra, Rabindra N and Pal, Palash B},
    publisher = {World Scientific},
    year      = {2004},
    doi       = {10.1142/5024},
    address   = {},
    edition   = {3rd},
    URL       = {https://www.worldscientific.com/doi/abs/10.1142/5024},
    eprint    = {https://www.worldscientific.com/doi/pdf/10.1142/5024}
}

@article{Mohpatra1988,
    title    = "Neutrinoless double beta decay with double majoron emission",
    journal  = "Physics Letters B",
    volume   = "211",
    number   = "1",
    pages    = "192 - 196",
    year     = "1988",
    issn     = "0370-2693",
    doi      = "https://doi.org/10.1016/0370-2693(88)90832-5",
    url      = "http://www.sciencedirect.com/science/article/pii/0370269388908325",
    author   = "R.N. Mohapatra and E. Takasugi"
}

@article{Carone1993,
    title   = "Double beta decay with vector majorons",
    journal = "Physics Letters B",
    volume  = "308",
    number  = "1",
    pages   = "85 - 88",
    year    = "1993",
    issn    = "0370-2693",
    doi     = "https://doi.org/10.1016/0370-2693(93)90605-H",
    url     = "http://www.sciencedirect.com/science/article/pii/037026939390605H",
    author  = "C.D. Carone",
}

@article{Bamert1995,
    title   = "Multi-majoron modes for neutrinoless double-beta decay",
    journal = "Nuclear Physics B",
    volume  = "449",
    number  = "1",
    pages   = "25 - 48",
    year    = "1995",
    issn    = "0550-3213",
    doi     = "https://doi.org/10.1016/0550-3213(95)00273-U",
    url     = "http://www.sciencedirect.com/science/article/pii/055032139500273U",
    author  = "P. Bamert and C.P. Burgess and R.N. Mohapatra",
}

@article{Mohpatra2000,
    title   = "Neutrino mass, bulk majoron and neutrinoless double beta decay",
    journal = "Physics Letters B",
    volume  = "491",
    number  = "1",
    pages   = "143 - 147",
    year    = "2000",
    issn    = "0370-2693",
    doi     = "https://doi.org/10.1016/S0370-2693(00)01031-5",
    url     = "http://www.sciencedirect.com/science/article/pii/S0370269300010315",
    author  = "R.N Mohapatra and A PÃ©rez-Lorenzana and C.A de S. Pires",
}

@article{Blum2018,
    title    = "Neutrinoless double-beta decay with massive scalar emission",
    author   = "Kfir Blum and Yosef Nir and Michal Shavit",
    journal  = "Physics Letters B",
    volume   = "785",
    pages    = "354 - 361",
    year     = "2018",
    issn     = "0370-2693",
    doi      = "https://doi.org/10.1016/j.physletb.2018.08.022",
    url      = "http://www.sciencedirect.com/science/article/pii/S0370269318306282",
}
