@article{Berger2017,
  author  = {Berger, M. J. and others},
  title   = {{Stopping-Power \& Range Tables for Electrons, Protons, and Helium Ions}},
  journal = {NIST Standard Reference Database},
  volume  = {124},
  month   = {Jul},
  year    = {2017},
  doi     = {10.18434/T4NC7P},
}

@book{Be2008,
  title     = {Table of Radionuclides},
  author    = {B\'e, M.-M. and others},
  volume    = {4},
  isbn      = {92-822-2230-6},
  series    = {Monographie BIPM-5},
  url       = {http://www.bipm.org/utils/common/pdf/monographieRI/Monographie_BIPM-5_Tables_Vol4.pdf},
  year      = {2008},
  publisher = {Bureau International des Poids et Mesures},
  address   = {Pavillon de Breteuil, F-92310 S\`evres, France}
}

@article{Cleveland1983,
    author  = "Cleveland, B. T.",
    doi     = "10.1016/0167-5087(83)90616-6",
    journal = "Nucl.\ Instrum.\ Meth.",
    pages   = "451--458",
    title   = "{THE ANALYSIS OF RADIOACTIVE DECAY WITH A SMALL NUMBER OF COUNTS BY THE METHOD OF MAXIMUM LIKELIHOOD}",
    volume  = "214",
    year    = "1983"
}
