@article{Brown1978,
    title     = {The idea of the neutrino},
    author    = {Laurie M. Brown},
    doi       = {10.1063/1.2995181},
    url       = {https://doi.org/10.1063/1.2995181},
    year      = {1978},
    month     = {Sep},
    publisher = {{AIP} Publishing},
    volume    = {31},
    number    = {9},
    pages     = {23--28},
    journal   = {Physics Today}
}

@article{Cowan1956,
    doi       = {10.1126/science.124.3212.103},
    url       = {https://doi.org/10.1126/science.124.3212.103},
    year      = {1956},
    month     = {Jul},
    publisher = {American Association for the Advancement of Science ({AAAS})},
    volume    = {124},
    number    = {3212},
    pages     = {103--104},
    author    = {C. L. Cowan and F. Reines and F. B. Harrison and H. W. Kruse and A. D. McGuire},
    title     = {Detection of the Free Neutrino: a Confirmation},
    journal   = {Science}
}

@article{Fukuda1998,
    doi       = {10.1103/physrevlett.81.1562},
    url       = {https://doi.org/10.1103/physrevlett.81.1562},
    year      = {1998},
    month     = {Aug},
    publisher = {American Physical Society ({APS})},
    volume    = {81},
    number    = {8},
    pages     = {1562--1567},
    author    = {Y. Fukuda and others},
    title     = {Evidence for Oscillation of Atmospheric Neutrinos},
    journal   = {Physical Review Letters}
}

@article{Ahmad2002,
    doi       = {10.1103/physrevlett.89.011301},
    url       = {https://doi.org/10.1103/physrevlett.89.011301},
    year      = {2002},
    month     = jun,
    publisher = {American Physical Society ({APS})},
    volume    = {89},
    number    = {1},
    author    = {Q. R. Ahmad and others},
    title     = {Direct Evidence for Neutrino Flavor Transformation from Neutral-Current Interactions in the Sudbury Neutrino Observatory},
    journal   = {Physical Review Letters}
}

@article{Eguchi2003,
    doi       = {10.1103/physrevlett.90.021802},
    url       = {https://doi.org/10.1103/physrevlett.90.021802},
    year      = {2003},
    month     = jan,
    publisher = {American Physical Society ({APS})},
    volume    = {90},
    number    = {2},
    author    = {K. Eguchi and others},
    title     = {First Results from {KamLAND}: Evidence for Reactor Antineutrino Disappearance},
    journal   = {Physical Review Letters}
}

@article{Kajita2016,
    doi       = {10.1103/revmodphys.88.030501},
    url       = {https://doi.org/10.1103/revmodphys.88.030501},
    year      = {2016},
    month     = jul,
    publisher = {American Physical Society ({APS})},
    volume    = {88},
    number    = {3},
    author    = {Takaaki Kajita},
    title     = {Nobel Lecture: Discovery of atmospheric neutrino oscillations},
    journal   = {Reviews of Modern Physics}
}

@article{McDonald2016,
    doi       = {10.1103/revmodphys.88.030502},
    url       = {https://doi.org/10.1103/revmodphys.88.030502},
    year      = {2016},
    month     = jul,
    publisher = {American Physical Society ({APS})},
    volume    = {88},
    number    = {3},
    author    = {Arthur B. McDonald},
    title     = {Nobel Lecture: The Sudbury Neutrino Observatory: Observation of flavor change for solar neutrinos},
    journal   = {Reviews of Modern Physics}
}
