@article{Aggarwal2011,
    author        = "Aggarwal, R. and Caldwell, A.",
    archivePrefix = "arXiv",
    doi           = "10.1140/epjp/i2012-12024-0",
    eprint        = "1112.2593",
    journal       = "Eur.\ Phys.\ J.\ Plus",
    pages         = "24",
    primaryClass  = "physics.data-an",
    title         = "{Error Bars for Distributions of Numbers of Events}",
    volume        = "127",
    year          = "2012"
}

@article{Scargle1997,
    author        = "Scargle, J. D.",
    archivePrefix = "arXiv",
    doi           = "10.1086/306064",
    eprint        = "astro-ph/9711233",
    journal       = "Astrophys. J.",
    pages         = "405",
    title         = "{Studies in astronomical time series analysis: 5. Bayesian blocks, a new method to analyze structure in photon counting data}",
    volume        = "504",
    year          = "1998"
}

@article{Scargle2012,
    author        = "Scargle, J. D. and others",
    archivePrefix = "arXiv",
    doi           = "10.1088/0004-637X/764/2/167",
    eprint        = "1207.5578",
    journal       = "Astrophys. J.",
    pages         = "167",
    primaryClass  = "astro-ph.IM",
    title         = "{Studies in Astronomical Time Series Analysis. VI. Bayesian Block Representations}",
    volume        = "764",
    year          = "2013"
}

@article{Pollack2017,
    author        = "Pollack, B. and Bhattacharya, S. and Schmitt, M.",
    archivePrefix = "arXiv",
    eprint        = "1708.00810",
    month         = "8",
    primaryClass  = "physics.data-an",
    reportNumber  = "nuhep-exp/17-05, NUHEP-EXP-17-05",
    title         = "{Bayesian Block Histogramming for High Energy Physics}",
    year          = "2017"
}

@article{Cowan2011,
    author        = "Cowan, G. and others",
    title         = "{Asymptotic formulae for likelihood-based tests of new physics}",
    eprint        = "1007.1727",
    archivePrefix = "arXiv",
    primaryClass  = "physics.data-an",
    doi           = "10.1140/epjc/s10052-011-1554-0",
    journal       = "Eur. Phys. J. C",
    volume        = "71",
    pages         = "1554",
    year          = "2011",
    note          = "[Erratum: Eur.Phys.J.C 73, 2501 (2013)]"
}

@article{Algeri2020,
    author  = "Algeri, S. and others",
    title   = "{Searching for new phenomena with profile likelihood ratio tests}",
    doi     = "10.1038/s42254-020-0169-5",
    journal = "Nature Rev. Phys.",
    volume  = "2",
    number  = "5",
    pages   = "245--252",
    year    = "2020"
}

@article{Chernoff1954,
    author  = "Chernoff, H.",
    title   = "{On the Distribution of the Likelihood Ratio}",
    doi     = "10.1214/aoms/1177728725",
    journal = "Ann. Math. Stat.",
    volume  = "25",
    pages   = "573--578",
    year    = "1954"
}
